<?xml version="1.0" encoding="UTF-8"?>
<!DOCTYPE html PUBLIC "-//W3C//DTD XHTML 1.0 Transitional//EN"
    "http://www.w3.org/TR/xhtml1/DTD/xhtml1-transitional.dtd">
<html xmlns="http://www.w3.org/1999/xhtml" xml:lang="en" lang="en">
 <head>
  <title>
</title>
<meta http-equiv="Content-Type" content="text/html;charset=utf-8" />
  <meta name='ocr-system' content='tesseract 3.04.00' />
  <meta name='ocr-capabilities' content='ocr_page ocr_carea ocr_par ocr_line ocrx_word'/>
</head>
<body>
  <div class='ocr_page' id='page_1' title='image "./depindaripoetaee00luebuoft_0016.png"; bbox 0 0 2236 2979; ppageno 0'>
   <div class='ocr_carea' id='block_1_1' title="bbox 1098 264 1187 294">
    <p class='ocr_par' dir='ltr' id='par_1_1' title="bbox 1098 264 1187 294">
     <span class='ocr_line' id='line_1_1' title="bbox 1098 264 1187 294; baseline 0 0"><span class='ocrx_word' id='word_1_1' title='bbox 1098 264 1187 294; x_wconf 85' lang='lat' dir='ltr'><strong>XIV</strong></span> 
     </span>
    </p>
   </div>
   <div class='ocr_carea' id='block_1_2' title="bbox 250 363 2045 1375">
    <p class='ocr_par' dir='ltr' id='par_1_2' title="bbox 250 363 2045 1375">
     <span class='ocr_line' id='line_1_2' title="bbox 254 363 2035 415; baseline -0.006 -11"><span class='ocrx_word' id='word_1_2' title='bbox 254 373 397 415; x_wconf 88' lang='lat' dir='ltr'><strong>propius</strong></span> <span class='ocrx_word' id='word_1_3' title='bbox 428 377 461 402; x_wconf 88' lang='lat' dir='ltr'><strong>et</strong></span> <span class='ocrx_word' id='word_1_4' title='bbox 484 369 659 409; x_wconf 90' lang='lat' dir='ltr'><strong>comperit,</strong></span> <span class='ocrx_word' id='word_1_5' title='bbox 689 369 813 398; x_wconf 82' lang='lat' dir='ltr'>adesse</span> <span class='ocrx_word' id='word_1_6' title='bbox 836 367 946 406; x_wconf 91' lang='lat' dir='ltr'><strong>ipsam</strong></span> <span class='ocrx_word' id='word_1_7' title='bbox 976 365 1068 395; x_wconf 87' lang='lat' dir='ltr'><strong>illam</strong></span> <span class='ocrx_word' id='word_1_8' title='bbox 1090 363 1319 394; x_wconf 82' lang='lat' dir='ltr'><strong>tristissimam</strong></span> <span class='ocrx_word' id='word_1_9' title='bbox 1343 363 1494 393; x_wconf 88' lang='lat' dir='ltr'><strong>omnium</strong></span> <span class='ocrx_word' id='word_1_10' title='bbox 1518 364 1617 399; x_wconf 90' lang='lat' dir='ltr'><strong>diem,</strong></span> <span class='ocrx_word' id='word_1_11' title='bbox 1644 373 1712 403; x_wconf 91' lang='lat' dir='ltr'><strong>qua</strong></span> <span class='ocrx_word' id='word_1_12' title='bbox 1734 373 1860 402; x_wconf 82' lang='lat' dir='ltr'><strong>rursuS‚</strong></span> <span class='ocrx_word' id='word_1_13' title='bbox 1883 363 1918 393; x_wconf 91' lang='lat' dir='ltr'><strong>id</strong></span> <span class='ocrx_word' id='word_1_14' title='bbox 1941 364 2035 402; x_wconf 92' lang='lat' dir='ltr'><strong>quod</strong></span> 
     </span>
     <span class='ocr_line' id='line_1_3' title="bbox 255 417 2034 468; baseline -0.006 -10"><span class='ocrx_word' id='word_1_15' title='bbox 255 427 438 468; x_wconf 81' lang='lat' dir='ltr'><strong>quotannis</strong></span> <span class='ocrx_word' id='word_1_16' title='bbox 465 425 543 455; x_wconf 88' lang='lat' dir='ltr'><strong>inde</strong></span> <span class='ocrx_word' id='word_1_17' title='bbox 568 424 611 453; x_wconf 90' lang='lat' dir='ltr'><strong>ab</strong></span> <span class='ocrx_word' id='word_1_18' title='bbox 636 420 881 461; x_wconf 83' lang='lat' dir='ltr'><strong>antiquissimis</strong></span> <span class='ocrx_word' id='word_1_19' title='bbox 903 420 970 450; x_wconf 86' lang='lat' dir='ltr'><strong>iarn</strong></span> <span class='ocrx_word' id='word_1_20' title='bbox 992 418 1205 458; x_wconf 84' lang='lat' dir='ltr'><strong>temporibus</strong></span> <span class='ocrx_word' id='word_1_21' title='bbox 1232 417 1265 447; x_wconf 89' lang='lat' dir='ltr'><strong>in</strong></span> <span class='ocrx_word' id='word_1_22' title='bbox 1287 417 1367 448; x_wconf 88' lang='lat' dir='ltr'><strong>fatis</strong></span> <span class='ocrx_word' id='word_1_23' title='bbox 1393 418 1457 447; x_wconf 86' lang='lat' dir='ltr'><strong>sibi</strong></span> <span class='ocrx_word' id='word_1_24' title='bbox 1484 418 1536 458; x_wconf 90' lang='lat' dir='ltr'><strong>sit,</strong></span> <span class='ocrx_word' id='word_1_25' title='bbox 1558 428 1688 448; x_wconf 88' lang='lat' dir='ltr'><strong>summa</strong></span> <span class='ocrx_word' id='word_1_26' title='bbox 1712 418 1889 448; x_wconf 90' lang='lat' dir='ltr'><strong>calamitas</strong></span> <span class='ocrx_word' id='word_1_27' title='bbox 1912 417 2034 448; x_wconf 89' lang='lat' dir='ltr'><strong>Teme-</strong></span> 
     </span>
     <span class='ocr_line' id='line_1_4' title="bbox 254 471 2035 514; baseline -0.006 -2"><span class='ocrx_word' id='word_1_28' title='bbox 254 482 342 513; x_wconf 85' lang='lat' dir='ltr'><strong>saeis</strong></span> <span class='ocrx_word' id='word_1_29' title='bbox 367 479 576 511; x_wconf 81' lang='lat' dir='ltr'><strong>exantlanda</strong></span> <span class='ocrx_word' id='word_1_30' title='bbox 600 481 700 507; x_wconf 88' lang='lat' dir='ltr'><strong>esset.</strong></span> <span class='ocrx_word' id='word_1_31' title='bbox 744 475 833 505; x_wconf 88' lang='lat' dir='ltr'><strong>Nam</strong></span> <span class='ocrx_word' id='word_1_32' title='bbox 859 474 1048 514; x_wconf 89' lang='lat' dir='ltr'><strong>quondam,</strong></span> <span class='ocrx_word' id='word_1_33' title='bbox 1080 482 1186 511; x_wconf 91' lang='lat' dir='ltr'><strong>quom</strong></span> <span class='ocrx_word' id='word_1_34' title='bbox 1215 471 1339 502; x_wconf 81' lang='lat' dir='ltr'><strong>Ulixes</strong></span> <span class='ocrx_word' id='word_1_35' title='bbox 1372 481 1448 501; x_wconf 89' lang='lat' dir='ltr'><strong>cum</strong></span> <span class='ocrx_word' id='word_1_36' title='bbox 1483 472 1664 502; x_wconf 83' lang='lat' dir='ltr'><strong>comitibus</strong></span> <span class='ocrx_word' id='word_1_37' title='bbox 1697 473 1742 502; x_wconf 91' lang='lat' dir='ltr'><strong>ad</strong></span> <span class='ocrx_word' id='word_1_38' title='bbox 1766 472 2035 502; x_wconf 82' lang='lat' dir='ltr'><strong>Temesaeorum</strong></span> 
     </span>
     <span class='ocr_line' id='line_1_5' title="bbox 250 525 2032 573; baseline -0.006 -7"><span class='ocrx_word' id='word_1_39' title='bbox 250 537 329 566; x_wconf 87' lang='lat' dir='ltr'><strong>litus</strong></span> <span class='ocrx_word' id='word_1_40' title='bbox 354 533 552 573; x_wconf 82' lang='lat' dir='ltr'><strong>adpulisset,</strong></span> <span class='ocrx_word' id='word_1_41' title='bbox 577 540 696 561; x_wconf 89' lang='lat' dir='ltr'><strong>eorum</strong></span> <span class='ocrx_word' id='word_1_42' title='bbox 723 529 884 559; x_wconf 86' lang='lat' dir='ltr'><strong>comitum</strong></span> <span class='ocrx_word' id='word_1_43' title='bbox 908 537 1019 562; x_wconf 86' lang='lat' dir='ltr'><strong>unum,</strong></span> <span class='ocrx_word' id='word_1_44' title='bbox 1041 526 1178 556; x_wconf 83' lang='lat' dir='ltr'><strong>Politen</strong></span> <span class='ocrx_word' id='word_1_45' title='bbox 1200 525 1351 560; x_wconf 89' lang='lat' dir='ltr'><strong>nomine,</strong></span> <span class='ocrx_word' id='word_1_46' title='bbox 1387 525 1444 564; x_wconf 90' lang='lat' dir='ltr'><strong>qui</strong></span> <span class='ocrx_word' id='word_1_47' title='bbox 1467 526 1651 555; x_wconf 89' lang='lat' dir='ltr'><strong>admodum</strong></span> <span class='ocrx_word' id='word_1_48' title='bbox 1682 526 1868 556; x_wconf 87' lang='lat' dir='ltr'><strong>insolenter</strong></span> <span class='ocrx_word' id='word_1_49' title='bbox 1892 535 1928 556; x_wconf 90' lang='lat' dir='ltr'><strong>se</strong></span> <span class='ocrx_word' id='word_1_50' title='bbox 1954 535 2032 565; x_wconf 89' lang='lat' dir='ltr'><strong>ges-</strong></span> 
     </span>
     <span class='ocr_line' id='line_1_6' title="bbox 255 579 2035 626; baseline -0.006 -7"><span class='ocrx_word' id='word_1_51' title='bbox 255 590 346 626; x_wconf 81' lang='lat' dir='ltr'><strong>serit,</strong></span> <span class='ocrx_word' id='word_1_52' title='bbox 368 588 578 618; x_wconf 86' lang='lat' dir='ltr'><strong>Temesaeos</strong></span> <span class='ocrx_word' id='word_1_53' title='bbox 601 584 764 615; x_wconf 88' lang='lat' dir='ltr'><strong>coniectis</strong></span> <span class='ocrx_word' id='word_1_54' title='bbox 796 584 829 613; x_wconf 92' lang='lat' dir='ltr'><strong>in</strong></span> <span class='ocrx_word' id='word_1_55' title='bbox 854 592 931 613; x_wconf 80' lang='lat' dir='ltr'><strong>eum</strong></span> <span class='ocrx_word' id='word_1_56' title='bbox 963 580 1134 620; x_wconf 83' lang='lat' dir='ltr'><strong>lapidibus</strong></span> <span class='ocrx_word' id='word_1_57' title='bbox 1162 589 1315 610; x_wconf 82' lang='lat' dir='ltr'><strong>necasse.</strong></span> <span class='ocrx_word' id='word_1_58' title='bbox 1359 579 1441 609; x_wconf 82' lang='lat' dir='ltr'><strong>Eius</strong></span> <span class='ocrx_word' id='word_1_59' title='bbox 1475 580 1524 610; x_wconf 87' lang='lat' dir='ltr'><strong>rei</strong></span> <span class='ocrx_word' id='word_1_60' title='bbox 1557 589 1594 609; x_wconf 89' lang='lat' dir='ltr'><strong>se</strong></span> <span class='ocrx_word' id='word_1_61' title='bbox 1627 589 1715 610; x_wconf 89' lang='lat' dir='ltr'><strong>nunc</strong></span> <span class='ocrx_word' id='word_1_62' title='bbox 1747 590 1894 619; x_wconf 89' lang='lat' dir='ltr'><strong>poenam</strong></span> <span class='ocrx_word' id='word_1_63' title='bbox 1926 580 2035 610; x_wconf 86' lang='lat' dir='ltr'><strong>luere:</strong></span> 
     </span>
     <span class='ocr_line' id='line_1_7' title="bbox 253 633 2037 675; baseline -0.006 -1"><span class='ocrx_word' id='word_1_64' title='bbox 253 644 325 675; x_wconf 90' lang='lat' dir='ltr'><strong>eius</strong></span> <span class='ocrx_word' id='word_1_65' title='bbox 349 642 437 672; x_wconf 89' lang='lat' dir='ltr'><strong>enim</strong></span> <span class='ocrx_word' id='word_1_66' title='bbox 465 640 529 670; x_wconf 86' lang='lat' dir='ltr'><strong>viri</strong></span> <span class='ocrx_word' id='word_1_67' title='bbox 555 640 712 669; x_wconf 91' lang='lat' dir='ltr'><strong>umbram</strong></span> <span class='ocrx_word' id='word_1_68' title='bbox 741 636 929 667; x_wconf 84' lang='lat' dir='ltr'><strong>taeterrimi</strong></span> <span class='ocrx_word' id='word_1_69' title='bbox 958 634 1103 664; x_wconf 86' lang='lat' dir='ltr'><strong>monstri</strong></span> <span class='ocrx_word' id='word_1_70' title='bbox 1130 633 1250 663; x_wconf 81' lang='lat' dir='ltr'><strong>habitu</strong></span> <span class='ocrx_word' id='word_1_71' title='bbox 1274 638 1307 663; x_wconf 94' lang='lat' dir='ltr'><strong>et</strong></span> <span class='ocrx_word' id='word_1_72' title='bbox 1331 633 1441 663; x_wconf 85' lang='lat' dir='ltr'><strong>forma</strong></span> <span class='ocrx_word' id='word_1_73' title='bbox 1464 634 1617 663; x_wconf 87' lang='lat' dir='ltr'><strong>indutam</strong></span> <span class='ocrx_word' id='word_1_74' title='bbox 1639 633 1849 664; x_wconf 89' lang='lat' dir='ltr'><strong>Temesaeos</strong></span> <span class='ocrx_word' id='word_1_75' title='bbox 1869 634 1960 664; x_wconf 90' lang='lat' dir='ltr'><strong>omni</strong></span> <span class='ocrx_word' id='word_1_76' title='bbox 1982 643 2037 663; x_wconf 90' lang='lat' dir='ltr'><strong>ra-</strong></span> 
     </span>
     <span class='ocr_line' id='line_1_8' title="bbox 253 686 2034 733; baseline -0.005 -8"><span class='ocrx_word' id='word_1_77' title='bbox 253 696 355 730; x_wconf 90' lang='lat' dir='ltr'><strong>tione,</strong></span> <span class='ocrx_word' id='word_1_78' title='bbox 378 693 517 733; x_wconf 83' lang='lat' dir='ltr'><strong>rapinis,</strong></span> <span class='ocrx_word' id='word_1_79' title='bbox 542 692 670 722; x_wconf 86' lang='lat' dir='ltr'><strong>tributa</strong></span> <span class='ocrx_word' id='word_1_80' title='bbox 697 689 885 729; x_wconf 88' lang='lat' dir='ltr'><strong>poscendo,</strong></span> <span class='ocrx_word' id='word_1_81' title='bbox 920 693 1087 718; x_wconf 87' lang='lat' dir='ltr'><strong>terrorem</strong></span> <span class='ocrx_word' id='word_1_82' title='bbox 1120 686 1316 717; x_wconf 87' lang='lat' dir='ltr'><strong>incutiendo</strong></span> <span class='ocrx_word' id='word_1_83' title='bbox 1340 693 1410 717; x_wconf 90' lang='lat' dir='ltr'><strong>tam</strong></span> <span class='ocrx_word' id='word_1_84' title='bbox 1441 686 1498 717; x_wconf 89' lang='lat' dir='ltr'><strong>diu</strong></span> <span class='ocrx_word' id='word_1_85' title='bbox 1525 697 1689 725; x_wconf 76' lang='lat' dir='ltr'><strong>vexasse,</strong></span> <span class='ocrx_word' id='word_1_86' title='bbox 1723 687 1841 722; x_wconf 89' lang='lat' dir='ltr'><strong>donec,</strong></span> <span class='ocrx_word' id='word_1_87' title='bbox 1876 687 2034 718; x_wconf 91' lang='lat' dir='ltr'><strong>consulto</strong></span> 
     </span>
     <span class='ocr_line' id='line_1_9' title="bbox 255 740 2037 780; baseline -0.005 -1"><span class='ocrx_word' id='word_1_88' title='bbox 255 749 395 779; x_wconf 89' lang='lat' dir='ltr'><strong>tandem</strong></span> <span class='ocrx_word' id='word_1_89' title='bbox 420 748 462 777; x_wconf 90' lang='lat' dir='ltr'><strong>de</strong></span> <span class='ocrx_word' id='word_1_90' title='bbox 488 757 529 777; x_wconf 89' lang='lat' dir='ltr'><strong>ea</strong></span> <span class='ocrx_word' id='word_1_91' title='bbox 556 745 752 776; x_wconf 81' lang='lat' dir='ltr'><strong>calamitate</strong></span> <span class='ocrx_word' id='word_1_92' title='bbox 785 742 925 773; x_wconf 90' lang='lat' dir='ltr'><strong>oraculo</strong></span> <span class='ocrx_word' id='word_1_93' title='bbox 954 741 1136 780; x_wconf 78' lang='lat' dir='ltr'><strong>Delphico,</strong></span> <span class='ocrx_word' id='word_1_94' title='bbox 1170 741 1235 771; x_wconf 92' lang='lat' dir='ltr'><strong>hoc</strong></span> <span class='ocrx_word' id='word_1_95' title='bbox 1269 741 1540 771; x_wconf 90' lang='lat' dir='ltr'><strong>crudelissimum</strong></span> <span class='ocrx_word' id='word_1_96' title='bbox 1572 741 1644 771; x_wconf 91' lang='lat' dir='ltr'><strong>eius</strong></span> <span class='ocrx_word' id='word_1_97' title='bbox 1677 741 1758 771; x_wconf 90' lang='lat' dir='ltr'><strong>mali</strong></span> <span class='ocrx_word' id='word_1_98' title='bbox 1781 740 1969 771; x_wconf 88' lang='lat' dir='ltr'><strong>remedium</strong></span> <span class='ocrx_word' id='word_1_99' title='bbox 1992 751 2037 771; x_wconf 82' lang='lat' dir='ltr'><strong>ex</strong></span> 
     </span>
     <span class='ocr_line' id='line_1_10' title="bbox 253 794 2040 842; baseline -0.005 -9"><span class='ocrx_word' id='word_1_100' title='bbox 253 802 427 842; x_wconf 87' lang='lat' dir='ltr'><strong>Apollinis</strong></span> <span class='ocrx_word' id='word_1_101' title='bbox 451 811 510 831; x_wconf 89' lang='lat' dir='ltr'><strong>ore</strong></span> <span class='ocrx_word' id='word_1_102' title='bbox 534 799 744 839; x_wconf 88' lang='lat' dir='ltr'><strong>acceperint:</strong></span> <span class='ocrx_word' id='word_1_103' title='bbox 769 798 813 827; x_wconf 86' lang='lat' dir='ltr'><strong>ad</strong></span> <span class='ocrx_word' id='word_1_104' title='bbox 835 796 1042 836; x_wconf 87' lang='lat' dir='ltr'><strong>placandam</strong></span> <span class='ocrx_word' id='word_1_105' title='bbox 1062 795 1204 825; x_wconf 90' lang='lat' dir='ltr'><strong>deorum</strong></span> <span class='ocrx_word' id='word_1_106' title='bbox 1227 795 1313 825; x_wconf 87' lang='lat' dir='ltr'><strong>iram</strong></span> <span class='ocrx_word' id='word_1_107' title='bbox 1337 795 1521 834; x_wconf 84' lang='lat' dir='ltr'><strong>quotannis</strong></span> <span class='ocrx_word' id='word_1_108' title='bbox 1545 800 1674 825; x_wconf 88' lang='lat' dir='ltr'><strong>statuta</strong></span> <span class='ocrx_word' id='word_1_109' title='bbox 1697 795 1751 825; x_wconf 86' lang='lat' dir='ltr'><strong>die</strong></span> <span class='ocrx_word' id='word_1_110' title='bbox 1774 794 2040 834; x_wconf 87' lang='lat' dir='ltr'><strong>pulcherrimam</strong></span> 
     </span>
     <span class='ocr_line' id='line_1_11' title="bbox 255 847 2041 895; baseline -0.005 -8"><span class='ocrx_word' id='word_1_111' title='bbox 255 867 273 887; x_wconf 90' lang='lat' dir='ltr'><strong>e</strong></span> <span class='ocrx_word' id='word_1_112' title='bbox 297 855 488 895; x_wconf 90' lang='lat' dir='ltr'><strong>virginibus</strong></span> <span class='ocrx_word' id='word_1_113' title='bbox 511 853 710 885; x_wconf 88' lang='lat' dir='ltr'><strong>Temesaeis</strong></span> <span class='ocrx_word' id='word_1_114' title='bbox 734 852 887 892; x_wconf 84' lang='lat' dir='ltr'><strong>praedae</strong></span> <span class='ocrx_word' id='word_1_115' title='bbox 909 851 987 880; x_wconf 92' lang='lat' dir='ltr'><strong>loco</strong></span> <span class='ocrx_word' id='word_1_116' title='bbox 1011 854 1165 879; x_wconf 88' lang='lat' dir='ltr'><strong>monstro</strong></span> <span class='ocrx_word' id='word_1_117' title='bbox 1189 849 1237 878; x_wconf 90' lang='lat' dir='ltr'><strong>illi</strong></span> <span class='ocrx_word' id='word_1_118' title='bbox 1260 849 1464 879; x_wconf 89' lang='lat' dir='ltr'><strong>tradendam</strong></span> <span class='ocrx_word' id='word_1_119' title='bbox 1489 860 1574 879; x_wconf 88' lang='lat' dir='ltr'><strong>esse.</strong></span> <span class='ocrx_word' id='word_1_120' title='bbox 1613 849 1730 888; x_wconf 83' lang='lat' dir='ltr'><strong>Atque</strong></span> <span class='ocrx_word' id='word_1_121' title='bbox 1753 854 1834 878; x_wconf 89' lang='lat' dir='ltr'><strong>tunc</strong></span> <span class='ocrx_word' id='word_1_122' title='bbox 1857 848 1968 888; x_wconf 88' lang='lat' dir='ltr'><strong>ipsum</strong></span> <span class='ocrx_word' id='word_1_123' title='bbox 1991 847 2041 878; x_wconf 89' lang='lat' dir='ltr'><strong>fa-</strong></span> 
     </span>
     <span class='ocr_line' id='line_1_12' title="bbox 254 902 2041 943; baseline -0.005 -3"><span class='ocrx_word' id='word_1_124' title='bbox 254 910 333 940; x_wconf 87' lang='lat' dir='ltr'><strong>talis</strong></span> <span class='ocrx_word' id='word_1_125' title='bbox 356 919 474 940; x_wconf 86' lang='lat' dir='ltr'><strong>rursus</strong></span> <span class='ocrx_word' id='word_1_126' title='bbox 496 908 555 938; x_wconf 91' lang='lat' dir='ltr'><strong>illa</strong></span> <span class='ocrx_word' id='word_1_127' title='bbox 578 907 650 937; x_wconf 89' lang='lat' dir='ltr'><strong>dies</strong></span> <span class='ocrx_word' id='word_1_128' title='bbox 673 910 880 940; x_wconf 81' lang='lat' dir='ltr'><strong>recurrerat,</strong></span> <span class='ocrx_word' id='word_1_129' title='bbox 912 903 1094 943; x_wconf 84' lang='lat' dir='ltr'><strong>omniaque</strong></span> <span class='ocrx_word' id='word_1_130' title='bbox 1127 903 1195 932; x_wconf 84' lang='lat' dir='ltr'><strong>iam</strong></span> <span class='ocrx_word' id='word_1_131' title='bbox 1220 903 1488 942; x_wconf 89' lang='lat' dir='ltr'><strong>adparabantur,</strong></span> <span class='ocrx_word' id='word_1_132' title='bbox 1516 908 1552 932; x_wconf 92' lang='lat' dir='ltr'><strong>ut</strong></span> <span class='ocrx_word' id='word_1_133' title='bbox 1575 903 1674 942; x_wconf 88' lang='lat' dir='ltr'><strong>virgo</strong></span> <span class='ocrx_word' id='word_1_134' title='bbox 1705 903 1737 932; x_wconf 90' lang='lat' dir='ltr'><strong>in</strong></span> <span class='ocrx_word' id='word_1_135' title='bbox 1759 902 1874 933; x_wconf 85' lang='lat' dir='ltr'><strong>herois</strong></span> <span class='ocrx_word' id='word_1_136' title='bbox 1896 902 2041 937; x_wconf 84' lang='lat' dir='ltr'><strong>Politae‚</strong></span> 
     </span>
     <span class='ocr_line' id='line_1_13' title="bbox 253 954 2042 998; baseline -0.006 -4"><span class='ocrx_word' id='word_1_137' title='bbox 253 974 333 994; x_wconf 90' lang='lat' dir='ltr'><strong>narn</strong></span> <span class='ocrx_word' id='word_1_138' title='bbox 356 964 461 993; x_wconf 86' lang='lat' dir='ltr'><strong>heros</strong></span> <span class='ocrx_word' id='word_1_139' title='bbox 485 962 588 992; x_wconf 87' lang='lat' dir='ltr'><strong>etiam</strong></span> <span class='ocrx_word' id='word_1_140' title='bbox 610 966 647 990; x_wconf 92' lang='lat' dir='ltr'><strong>ut</strong></span> <span class='ocrx_word' id='word_1_141' title='bbox 670 963 923 998; x_wconf 86' lang='lat' dir='ltr'><strong>nuncuparetur</strong></span> <span class='ocrx_word' id='word_1_142' title='bbox 946 957 1098 988; x_wconf 86' lang='lat' dir='ltr'><strong>nefarius</strong></span> <span class='ocrx_word' id='word_1_143' title='bbox 1122 956 1178 986; x_wconf 89' lang='lat' dir='ltr'><strong>ille</strong></span> <span class='ocrx_word' id='word_1_144' title='bbox 1203 960 1408 989; x_wconf 76' lang='lat' dir='ltr'><strong>extorserat,</strong></span> <span class='ocrx_word' id='word_1_145' title='bbox 1433 954 1617 984; x_wconf 83' lang='lat' dir='ltr'><strong>sacrarium</strong></span> <span class='ocrx_word' id='word_1_146' title='bbox 1641 955 1880 985; x_wconf 87' lang='lat' dir='ltr'><strong>abduceretur.</strong></span> <span class='ocrx_word' id='word_1_147' title='bbox 1912 954 2042 993; x_wconf 86' lang='lat' dir='ltr'><strong>Euthy-</strong></span> 
     </span>
     <span class='ocr_line' id='line_1_14' title="bbox 256 1007 2043 1054; baseline -0.006 -6"><span class='ocrx_word' id='word_1_148' title='bbox 256 1029 331 1048; x_wconf 91' lang='lat' dir='ltr'><strong>mus</strong></span> <span class='ocrx_word' id='word_1_149' title='bbox 354 1016 589 1047; x_wconf 89' lang='lat' dir='ltr'><strong>misericordia</strong></span> <span class='ocrx_word' id='word_1_150' title='bbox 611 1022 805 1054; x_wconf 80' lang='lat' dir='ltr'><strong>percussuS,</strong></span> <span class='ocrx_word' id='word_1_151' title='bbox 830 1023 906 1043; x_wconf 91' lang='lat' dir='ltr'><strong>cum</strong></span> <span class='ocrx_word' id='word_1_152' title='bbox 930 1011 1198 1052; x_wconf 83' lang='lat' dir='ltr'><strong>pulcherrimam</strong></span> <span class='ocrx_word' id='word_1_153' title='bbox 1221 1008 1390 1048; x_wconf 80' lang='lat' dir='ltr'><strong>virginem</strong></span> <span class='ocrx_word' id='word_1_154' title='bbox 1418 1008 1647 1047; x_wconf 85' lang='lat' dir='ltr'><strong>adspexisset,</strong></span> <span class='ocrx_word' id='word_1_155' title='bbox 1673 1007 1744 1038; x_wconf 87' lang='lat' dir='ltr'><strong>fato</strong></span> <span class='ocrx_word' id='word_1_156' title='bbox 1769 1008 2043 1038; x_wconf 86' lang='lat' dir='ltr'><strong>commiserando</strong></span> 
     </span>
     <span class='ocr_line' id='line_1_15' title="bbox 256 1061 2044 1110; baseline -0.006 -9"><span class='ocrx_word' id='word_1_157' title='bbox 256 1072 360 1102; x_wconf 89' lang='lat' dir='ltr'><strong>etiam</strong></span> <span class='ocrx_word' id='word_1_158' title='bbox 381 1070 618 1110; x_wconf 87' lang='lat' dir='ltr'><strong>pulchriorem,</strong></span> <span class='ocrx_word' id='word_1_159' title='bbox 643 1077 761 1097; x_wconf 88' lang='lat' dir='ltr'><strong>amore</strong></span> <span class='ocrx_word' id='word_1_160' title='bbox 776 1077 794 1097; x_wconf 90' lang='lat' dir='ltr'><strong>e</strong></span> <span class='ocrx_word' id='word_1_161' title='bbox 807 1065 1020 1106; x_wconf 86' lang='lat' dir='ltr'><strong>praecordiis</strong></span> <span class='ocrx_word' id='word_1_162' title='bbox 1034 1065 1164 1095; x_wconf 85' lang='lat' dir='ltr'><strong>exarsit</strong></span> <span class='ocrx_word' id='word_1_163' title='bbox 1180 1073 1219 1093; x_wconf 88' lang='lat' dir='ltr'><strong>ac</strong></span> <span class='ocrx_word' id='word_1_164' title='bbox 1235 1061 1370 1092; x_wconf 80' lang='lat' dir='ltr'><strong>firmato</strong></span> <span class='ocrx_word' id='word_1_165' title='bbox 1383 1062 1459 1092; x_wconf 88' lang='lat' dir='ltr'><strong>ilico</strong></span> <span class='ocrx_word' id='word_1_166' title='bbox 1476 1062 1629 1098; x_wconf 87' lang='lat' dir='ltr'><strong>consilio,</strong></span> <span class='ocrx_word' id='word_1_167' title='bbox 1651 1067 1688 1091; x_wconf 92' lang='lat' dir='ltr'><strong>ut</strong></span> <span class='ocrx_word' id='word_1_168' title='bbox 1703 1062 1872 1101; x_wconf 87' lang='lat' dir='ltr'><strong>virginem</strong></span> <span class='ocrx_word' id='word_1_169' title='bbox 1889 1061 2044 1092; x_wconf 88' lang='lat' dir='ltr'><strong>comitari</strong></span> 
     </span>
     <span class='ocr_line' id='line_1_16' title="bbox 257 1116 2044 1158; baseline -0.006 -3"><span class='ocrx_word' id='word_1_170' title='bbox 257 1130 290 1155; x_wconf 90' lang='lat' dir='ltr'><strong>et</strong></span> <span class='ocrx_word' id='word_1_171' title='bbox 314 1123 548 1154; x_wconf 85' lang='lat' dir='ltr'><strong>avidissimum</strong></span> <span class='ocrx_word' id='word_1_172' title='bbox 564 1121 646 1150; x_wconf 89' lang='lat' dir='ltr'><strong>illud</strong></span> <span class='ocrx_word' id='word_1_173' title='bbox 662 1125 849 1150; x_wconf 90' lang='lat' dir='ltr'><strong>monstrum</strong></span> <span class='ocrx_word' id='word_1_174' title='bbox 867 1125 1054 1158; x_wconf 87' lang='lat' dir='ltr'><strong>expectare</strong></span> <span class='ocrx_word' id='word_1_175' title='bbox 1072 1124 1176 1157; x_wconf 87' lang='lat' dir='ltr'><strong>atque</strong></span> <span class='ocrx_word' id='word_1_176' title='bbox 1192 1117 1483 1156; x_wconf 87' lang='lat' dir='ltr'><strong>quemadmodum</strong></span> <span class='ocrx_word' id='word_1_177' title='bbox 1507 1116 1565 1146; x_wconf 88' lang='lat' dir='ltr'><strong>illo</strong></span> <span class='ocrx_word' id='word_1_178' title='bbox 1590 1117 1730 1156; x_wconf 90' lang='lat' dir='ltr'><strong>dignum</strong></span> <span class='ocrx_word' id='word_1_179' title='bbox 1754 1121 1856 1154; x_wconf 86' lang='lat' dir='ltr'><strong>esset,</strong></span> <span class='ocrx_word' id='word_1_180' title='bbox 1882 1116 2044 1155; x_wconf 80' lang='lat' dir='ltr'><strong>excipere</strong></span> 
     </span>
     <span class='ocr_line' id='line_1_17' title="bbox 262 1169 2044 1214; baseline -0.004 -7"><span class='ocrx_word' id='word_1_181' title='bbox 262 1177 327 1207; x_wconf 87' lang='lat' dir='ltr'><strong>sibi</strong></span> <span class='ocrx_word' id='word_1_182' title='bbox 340 1176 467 1214; x_wconf 88' lang='lat' dir='ltr'><strong>liceret,</strong></span> <span class='ocrx_word' id='word_1_183' title='bbox 491 1174 597 1213; x_wconf 83' lang='lat' dir='ltr'><strong>petiit.</strong></span> <span class='ocrx_word' id='word_1_184' title='bbox 623 1172 803 1204; x_wconf 84' lang='lat' dir='ltr'><strong>Generosa</strong></span> <span class='ocrx_word' id='word_1_185' title='bbox 814 1172 959 1202; x_wconf 89' lang='lat' dir='ltr'><strong>hominis</strong></span> <span class='ocrx_word' id='word_1_186' title='bbox 982 1171 1126 1201; x_wconf 89' lang='lat' dir='ltr'><strong>audacia</strong></span> <span class='ocrx_word' id='word_1_187' title='bbox 1139 1170 1336 1201; x_wconf 84' lang='lat' dir='ltr'><strong>felicissimo</strong></span> <span class='ocrx_word' id='word_1_188' title='bbox 1351 1176 1475 1201; x_wconf 90' lang='lat' dir='ltr'><strong>eventu</strong></span> <span class='ocrx_word' id='word_1_189' title='bbox 1488 1171 1716 1209; x_wconf 90' lang='lat' dir='ltr'><strong>comprobata</strong></span> <span class='ocrx_word' id='word_1_190' title='bbox 1728 1176 1790 1200; x_wconf 87' lang='lat' dir='ltr'><strong>est.</strong></span> <span class='ocrx_word' id='word_1_191' title='bbox 1815 1169 1919 1200; x_wconf 86' lang='lat' dir='ltr'><strong>Vem&#39;t</strong></span> <span class='ocrx_word' id='word_1_192' title='bbox 1939 1171 2044 1200; x_wconf 90' lang='lat' dir='ltr'><strong>heros</strong></span> 
     </span>
     <span class='ocr_line' id='line_1_18' title="bbox 259 1223 2045 1269; baseline -0.004 -9"><span class='ocrx_word' id='word_1_193' title='bbox 259 1231 303 1261; x_wconf 90' lang='lat' dir='ltr'><strong>ad</strong></span> <span class='ocrx_word' id='word_1_194' title='bbox 325 1229 491 1269; x_wconf 85' lang='lat' dir='ltr'><strong>praedam</strong></span> <span class='ocrx_word' id='word_1_195' title='bbox 516 1227 764 1261; x_wconf 83' lang='lat' dir='ltr'><strong>abducendam,</strong></span> <span class='ocrx_word' id='word_1_196' title='bbox 789 1227 851 1256; x_wconf 89' lang='lat' dir='ltr'><strong>sed</strong></span> <span class='ocrx_word' id='word_1_197' title='bbox 874 1236 894 1256; x_wconf 92' lang='lat' dir='ltr'><strong>a</strong></span> <span class='ocrx_word' id='word_1_198' title='bbox 918 1225 1115 1255; x_wconf 87' lang='lat' dir='ltr'><strong>fortissumo</strong></span> <span class='ocrx_word' id='word_1_199' title='bbox 1138 1225 1256 1264; x_wconf 84' lang='lat' dir='ltr'><strong>pugile</strong></span> <span class='ocrx_word' id='word_1_200' title='bbox 1279 1225 1312 1254; x_wconf 89' lang='lat' dir='ltr'><strong>in</strong></span> <span class='ocrx_word' id='word_1_201' title='bbox 1335 1223 1454 1264; x_wconf 83' lang='lat' dir='ltr'><strong>fugam</strong></span> <span class='ocrx_word' id='word_1_202' title='bbox 1479 1224 1654 1254; x_wconf 88' lang='lat' dir='ltr'><strong>coniectus</strong></span> <span class='ocrx_word' id='word_1_203' title='bbox 1677 1229 1738 1262; x_wconf 85' lang='lat' dir='ltr'><strong>est,</strong></span> <span class='ocrx_word' id='word_1_204' title='bbox 1763 1229 1797 1254; x_wconf 91' lang='lat' dir='ltr'><strong>et</strong></span> <span class='ocrx_word' id='word_1_205' title='bbox 1819 1233 1887 1254; x_wconf 89' lang='lat' dir='ltr'><strong>non</strong></span> <span class='ocrx_word' id='word_1_206' title='bbox 1911 1223 2045 1253; x_wconf 89' lang='lat' dir='ltr'><strong>abstitit</strong></span> 
     </span>
     <span class='ocr_line' id='line_1_19' title="bbox 258 1278 2045 1322; baseline -0.003 -9"><span class='ocrx_word' id='word_1_207' title='bbox 258 1284 449 1322; x_wconf 87' lang='lat' dir='ltr'><strong>Euthymus</strong></span> <span class='ocrx_word' id='word_1_208' title='bbox 473 1292 492 1311; x_wconf 89' lang='lat' dir='ltr'><strong>a</strong></span> <span class='ocrx_word' id='word_1_209' title='bbox 514 1281 765 1320; x_wconf 89' lang='lat' dir='ltr'><strong>persequendo,</strong></span> <span class='ocrx_word' id='word_1_210' title='bbox 794 1280 903 1310; x_wconf 91' lang='lat' dir='ltr'><strong>donec</strong></span> <span class='ocrx_word' id='word_1_211' title='bbox 927 1279 1062 1319; x_wconf 84' lang='lat' dir='ltr'><strong>fugiens</strong></span> <span class='ocrx_word' id='word_1_212' title='bbox 1088 1279 1145 1309; x_wconf 89' lang='lat' dir='ltr'><strong>ille</strong></span> <span class='ocrx_word' id='word_1_213' title='bbox 1168 1279 1201 1308; x_wconf 91' lang='lat' dir='ltr'><strong>in</strong></span> <span class='ocrx_word' id='word_1_214' title='bbox 1223 1289 1317 1309; x_wconf 88' lang='lat' dir='ltr'><strong>mare</strong></span> <span class='ocrx_word' id='word_1_215' title='bbox 1342 1289 1378 1309; x_wconf 91' lang='lat' dir='ltr'><strong>se</strong></span> <span class='ocrx_word' id='word_1_216' title='bbox 1402 1279 1574 1309; x_wconf 88' lang='lat' dir='ltr'><strong>coniceret</strong></span> <span class='ocrx_word' id='word_1_217' title='bbox 1598 1288 1674 1308; x_wconf 89' lang='lat' dir='ltr'><strong>eum</strong></span> <span class='ocrx_word' id='word_1_218' title='bbox 1702 1278 1736 1308; x_wconf 90' lang='lat' dir='ltr'><strong>in</strong></span> <span class='ocrx_word' id='word_1_219' title='bbox 1757 1279 1912 1314; x_wconf 88' lang='lat' dir='ltr'><strong>modum,</strong></span> <span class='ocrx_word' id='word_1_220' title='bbox 1941 1284 1977 1308; x_wconf 93' lang='lat' dir='ltr'><strong>ut</strong></span> <span class='ocrx_word' id='word_1_221' title='bbox 2001 1279 2045 1308; x_wconf 88' lang='lat' dir='ltr'><strong>ab</strong></span> 
     </span>
     <span class='ocr_line' id='line_1_20' title="bbox 259 1332 2044 1375; baseline -0.003 -8"><span class='ocrx_word' id='word_1_222' title='bbox 259 1338 317 1367; x_wconf 89' lang='lat' dir='ltr'><strong>illa</strong></span> <span class='ocrx_word' id='word_1_223' title='bbox 340 1338 438 1367; x_wconf 85' lang='lat' dir='ltr'><strong>clade</strong></span> <span class='ocrx_word' id='word_1_224' title='bbox 462 1337 494 1365; x_wconf 91' lang='lat' dir='ltr'><strong>in</strong></span> <span class='ocrx_word' id='word_1_225' title='bbox 517 1341 723 1375; x_wconf 87' lang='lat' dir='ltr'><strong>perpetuum</strong></span> <span class='ocrx_word' id='word_1_226' title='bbox 748 1334 929 1364; x_wconf 83' lang='lat' dir='ltr'><strong>Temesaei</strong></span> <span class='ocrx_word' id='word_1_227' title='bbox 954 1334 1197 1367; x_wconf 85' lang='lat' dir='ltr'><strong>liberarentur;</strong></span> <span class='ocrx_word' id='word_1_228' title='bbox 1223 1333 1322 1364; x_wconf 80' lang='lat' dir='ltr'><strong>Paus.</strong></span> <span class='ocrx_word' id='word_1_229' title='bbox 1346 1332 1404 1366; x_wconf 87' lang='lat' dir='ltr'><strong>VI,</strong></span> <span class='ocrx_word' id='word_1_230' title='bbox 1429 1333 1457 1371; x_wconf 88' lang='grc'><strong>6,</strong></span> <span class='ocrx_word' id='word_1_231' title='bbox 1483 1334 1535 1363; x_wconf 80' lang='lat'><strong>10:</strong></span> <span class='ocrx_word' id='word_1_232' title='bbox 1558 1333 1617 1371; x_wconf 82' lang='grc' dir='ltr'>καὶ,</span> <span class='ocrx_word' id='word_1_233' title='bbox 1642 1333 1832 1370; x_wconf 79' lang='grc' dir='ltr'>ἐξηλαύνετο</span> <span class='ocrx_word' id='word_1_234' title='bbox 1855 1333 1916 1370; x_wconf 84' lang='grc' dir='ltr'><strong>γὰρ</strong></span> <span class='ocrx_word' id='word_1_235' title='bbox 1940 1332 1974 1363; x_wconf 80' lang='grc' dir='ltr'><strong>ἐκ</strong></span> <span class='ocrx_word' id='word_1_236' title='bbox 1986 1334 2044 1369; x_wconf 87' lang='grc' dir='ltr'><strong>τῆς</strong></span> 
     </span>
    </p>
   </div>
   <div class='ocr_carea' id='block_1_3' title="bbox 259 1385 2045 1475">
    <p class='ocr_par' dir='ltr' id='par_1_3' title="bbox 259 1385 2045 1475">
     <span class='ocr_line' id='line_1_21' title="bbox 259 1385 2045 1429; baseline -0.003 -8"><span class='ocrx_word' id='word_1_237' title='bbox 259 1395 327 1429; x_wconf 86' lang='grc' dir='ltr'>γῆς,</span> <span class='ocrx_word' id='word_1_238' title='bbox 352 1391 369 1421; x_wconf 82' lang='grc' dir='ltr'>ὁ</span> <span class='ocrx_word' id='word_1_239' title='bbox 385 1391 492 1428; x_wconf 85' lang='grc' dir='ltr'>Ἥρως</span> <span class='ocrx_word' id='word_1_240' title='bbox 516 1389 703 1428; x_wconf 84' lang='grc' dir='ltr'>ἀφανίζεταί</span> <span class='ocrx_word' id='word_1_241' title='bbox 726 1399 759 1419; x_wconf 87' lang='grc' dir='ltr'><strong>τε</strong></span> <span class='ocrx_word' id='word_1_242' title='bbox 782 1389 920 1427; x_wconf 81' lang='grc' dir='ltr'>καταδὺς</span> <span class='ocrx_word' id='word_1_243' title='bbox 945 1388 978 1426; x_wconf 82' lang='grc' dir='ltr'><strong>ἐς</strong></span> <span class='ocrx_word' id='word_1_244' title='bbox 1001 1389 1184 1418; x_wconf 84' lang='grc' dir='ltr'>θάλασσαν.</span> <span class='ocrx_word' id='word_1_245' title='bbox 1210 1387 1333 1426; x_wconf 79' lang='lat' dir='ltr'><strong>Nupsit</strong></span> <span class='ocrx_word' id='word_1_246' title='bbox 1358 1387 1504 1426; x_wconf 87' lang='lat' dir='ltr'><strong>denique</strong></span> <span class='ocrx_word' id='word_1_247' title='bbox 1526 1386 1625 1425; x_wconf 82' lang='lat' dir='ltr'><strong>virgo</strong></span> <span class='ocrx_word' id='word_1_248' title='bbox 1651 1387 1898 1416; x_wconf 87' lang='lat' dir='ltr'><strong>strenuissumo</strong></span> <span class='ocrx_word' id='word_1_249' title='bbox 1926 1385 2045 1416; x_wconf 88' lang='lat' dir='ltr'><strong>salutis</strong></span> 
     </span>
     <span class='ocr_line' id='line_1_22' title="bbox 261 1449 545 1475; baseline -0.007 0"><span class='ocrx_word' id='word_1_250' title='bbox 261 1455 344 1475; x_wconf 81' lang='lat' dir='ltr'><strong>suae</strong></span> <span class='ocrx_word' id='word_1_251' title='bbox 368 1449 545 1474; x_wconf 74' lang='lat' dir='ltr'><strong>servatorl.</strong></span> 
     </span>
    </p>
   </div>
   <div class='ocr_carea' id='block_1_4' title="bbox 262 1520 2055 2434">
    <p class='ocr_par' dir='ltr' id='par_1_4' title="bbox 433 1520 1877 1670">
     <span class='ocr_line' id='line_1_23' title="bbox 436 1520 1877 1561; baseline -0.003 -8"><span class='ocrx_word' id='word_1_252' title='bbox 436 1524 481 1554; x_wconf 82' lang='lat'><strong>12.</strong></span> <span class='ocrx_word' id='word_1_253' title='bbox 526 1522 565 1552; x_wconf 87' lang='lat' dir='ltr'><strong>In</strong></span> <span class='ocrx_word' id='word_1_254' title='bbox 587 1523 792 1552; x_wconf 79' lang='lat' dir='ltr'><strong>narrationis</strong></span> <span class='ocrx_word' id='word_1_255' title='bbox 817 1523 860 1551; x_wconf 92' lang='lat' dir='ltr'><strong>de</strong></span> <span class='ocrx_word' id='word_1_256' title='bbox 876 1522 1048 1561; x_wconf 82' lang='lat' dir='ltr'><strong>Euthymo</strong></span> <span class='ocrx_word' id='word_1_257' title='bbox 1073 1520 1225 1551; x_wconf 86' lang='lat' dir='ltr'><strong>fontibus</strong></span> <span class='ocrx_word' id='word_1_258' title='bbox 1249 1521 1409 1551; x_wconf 85' lang='lat' dir='ltr'><strong>eruendis</strong></span> <span class='ocrx_word' id='word_1_259' title='bbox 1433 1520 1576 1559; x_wconf 85' lang='lat' dir='ltr'><strong>egregie</strong></span> <span class='ocrx_word' id='word_1_260' title='bbox 1600 1530 1641 1550; x_wconf 88' lang='lat' dir='ltr'><strong>eo</strong></span> <span class='ocrx_word' id='word_1_261' title='bbox 1665 1520 1877 1553; x_wconf 84' lang='lat' dir='ltr'><strong>adiuvamur,</strong></span> 
     </span>
     <span class='ocr_line' id='line_1_24' title="bbox 433 1573 1876 1617; baseline -0.003 -10"><span class='ocrx_word' id='word_1_262' title='bbox 433 1578 527 1617; x_wconf 90' lang='lat' dir='ltr'><strong>quod</strong></span> <span class='ocrx_word' id='word_1_263' title='bbox 545 1576 773 1607; x_wconf 86' lang='lat' dir='ltr'><strong>Callimachus</strong></span> <span class='ocrx_word' id='word_1_264' title='bbox 795 1577 968 1607; x_wconf 89' lang='lat' dir='ltr'><strong>luculento</strong></span> <span class='ocrx_word' id='word_1_265' title='bbox 992 1576 1106 1615; x_wconf 90' lang='lat' dir='ltr'><strong>aliquo</strong></span> <span class='ocrx_word' id='word_1_266' title='bbox 1131 1576 1223 1614; x_wconf 86' lang='lat' dir='ltr'><strong>apud</strong></span> <span class='ocrx_word' id='word_1_267' title='bbox 1247 1575 1331 1605; x_wconf 88' lang='lat' dir='ltr'><strong>Plin.</strong></span> <span class='ocrx_word' id='word_1_268' title='bbox 1352 1585 1382 1605; x_wconf 88' lang='lat' dir='ltr'><strong>n.</strong></span> <span class='ocrx_word' id='word_1_269' title='bbox 1407 1575 1436 1605; x_wconf 88' lang='lat' dir='ltr'><strong>h.</strong></span> <span class='ocrx_word' id='word_1_270' title='bbox 1454 1574 1529 1609; x_wconf 86' lang='lat' dir='ltr'><strong>VII,</strong></span> <span class='ocrx_word' id='word_1_271' title='bbox 1554 1575 1578 1612; x_wconf 62' lang='grc' dir='ltr'><strong>ξ.</strong></span> <span class='ocrx_word' id='word_1_272' title='bbox 1598 1575 1655 1605; x_wconf 74' lang='grc'><strong>152</strong></span> <span class='ocrx_word' id='word_1_273' title='bbox 1679 1573 1876 1613; x_wconf 85' lang='lat' dir='ltr'><strong>fragmento</strong></span> 
     </span>
     <span class='ocr_line' id='line_1_25' title="bbox 875 1629 1428 1670; baseline -0.004 -10"><span class='ocrx_word' id='word_1_274' title='bbox 875 1631 1037 1670; x_wconf 88' lang='lat' dir='ltr'><strong>Euthymi</strong></span> <span class='ocrx_word' id='word_1_275' title='bbox 1060 1631 1235 1668; x_wconf 83' lang='grc' dir='ltr'>ἀφηρώιξιν</span> <span class='ocrx_word' id='word_1_276' title='bbox 1258 1629 1428 1659; x_wconf 88' lang='lat' dir='ltr'><strong>describit.</strong></span> 
     </span>
    </p>

    <p class='ocr_par' dir='ltr' id='par_1_5' title="bbox 262 1686 2055 2434">
     <span class='ocr_line' id='line_1_26' title="bbox 415 1686 2049 1730; baseline -0.003 -9"><span class='ocrx_word' id='word_1_277' title='bbox 415 1691 550 1721; x_wconf 89' lang='lat' dir='ltr'><strong>Norunt</strong></span> <span class='ocrx_word' id='word_1_278' title='bbox 574 1695 608 1720; x_wconf 88' lang='lat' dir='ltr'><strong>et</strong></span> <span class='ocrx_word' id='word_1_279' title='bbox 632 1701 675 1720; x_wconf 88' lang='lat' dir='ltr'><strong>ex</strong></span> <span class='ocrx_word' id='word_1_280' title='bbox 699 1695 799 1730; x_wconf 91' lang='lat' dir='ltr'><strong>parte</strong></span> <span class='ocrx_word' id='word_1_281' title='bbox 822 1695 968 1729; x_wconf 88' lang='lat' dir='ltr'><strong>tangunt</strong></span> <span class='ocrx_word' id='word_1_282' title='bbox 990 1690 1078 1719; x_wconf 87' lang='lat' dir='ltr'><strong>hanc</strong></span> <span class='ocrx_word' id='word_1_283' title='bbox 1101 1689 1252 1719; x_wconf 85' lang='lat' dir='ltr'><strong>fabulam</strong></span> <span class='ocrx_word' id='word_1_284' title='bbox 1276 1689 1462 1728; x_wconf 89' lang='lat' dir='ltr'><strong>scriptores</strong></span> <span class='ocrx_word' id='word_1_285' title='bbox 1482 1688 1628 1727; x_wconf 83' lang='lat' dir='ltr'><strong>plurimi,</strong></span> <span class='ocrx_word' id='word_1_286' title='bbox 1660 1688 1739 1718; x_wconf 88' lang='lat' dir='ltr'><strong>licet</strong></span> <span class='ocrx_word' id='word_1_287' title='bbox 1762 1687 1795 1717; x_wconf 92' lang='lat' dir='ltr'><strong>in</strong></span> <span class='ocrx_word' id='word_1_288' title='bbox 1818 1687 1955 1717; x_wconf 90' lang='lat' dir='ltr'><strong>minutis</strong></span> <span class='ocrx_word' id='word_1_289' title='bbox 1977 1686 2049 1726; x_wconf 86' lang='lat' dir='ltr'><strong>qui-</strong></span> 
     </span>
     <span class='ocr_line' id='line_1_27' title="bbox 262 1739 2049 1780; baseline -0.004 -4"><span class='ocrx_word' id='word_1_290' title='bbox 262 1746 411 1776; x_wconf 89' lang='lat' dir='ltr'><strong>busdam</strong></span> <span class='ocrx_word' id='word_1_291' title='bbox 435 1746 539 1775; x_wconf 89' lang='lat' dir='ltr'><strong>rebus</strong></span> <span class='ocrx_word' id='word_1_292' title='bbox 566 1754 586 1774; x_wconf 90' lang='lat' dir='ltr'><strong>a</strong></span> <span class='ocrx_word' id='word_1_293' title='bbox 608 1744 783 1774; x_wconf 84' lang='lat' dir='ltr'><strong>Pausania</strong></span> <span class='ocrx_word' id='word_1_294' title='bbox 807 1744 996 1778; x_wconf 81' lang='lat' dir='ltr'><strong>discedant,</strong></span> <span class='ocrx_word' id='word_1_295' title='bbox 1028 1744 1121 1773; x_wconf 89' lang='lat' dir='ltr'><strong>velut</strong></span> <span class='ocrx_word' id='word_1_296' title='bbox 1143 1743 1318 1778; x_wconf 78' lang='lat' dir='ltr'><strong>Aelianus,</strong></span> <span class='ocrx_word' id='word_1_297' title='bbox 1351 1742 1431 1773; x_wconf 82' lang='lat' dir='ltr'><strong>Var.</strong></span> <span class='ocrx_word' id='word_1_298' title='bbox 1456 1742 1542 1773; x_wconf 87' lang='lat' dir='ltr'><strong>Hist.</strong></span> <span class='ocrx_word' id='word_1_299' title='bbox 1569 1741 1660 1777; x_wconf 87' lang='lat' dir='ltr'><strong>VIII,</strong></span> <span class='ocrx_word' id='word_1_300' title='bbox 1688 1742 1740 1780; x_wconf 73' lang='lat'><strong>18,</strong></span> <span class='ocrx_word' id='word_1_301' title='bbox 1773 1741 1896 1771; x_wconf 88' lang='lat' dir='ltr'><strong>deinde</strong></span> <span class='ocrx_word' id='word_1_302' title='bbox 1921 1739 2049 1770; x_wconf 86' lang='lat' dir='ltr'><strong>Strabo</strong></span> 
     </span>
     <span class='ocr_line' id='line_1_28' title="bbox 264 1795 2051 1839; baseline -0.003 -9"><span class='ocrx_word' id='word_1_303' title='bbox 264 1800 323 1835; x_wconf 85' lang='lat' dir='ltr'><strong>VI,</strong></span> <span class='ocrx_word' id='word_1_304' title='bbox 352 1801 426 1839; x_wconf 77' lang='lat'><strong>2553</strong></span> <span class='ocrx_word' id='word_1_305' title='bbox 451 1799 605 1829; x_wconf 88' lang='lat' dir='ltr'><strong>Eustath.</strong></span> <span class='ocrx_word' id='word_1_306' title='bbox 628 1799 673 1828; x_wconf 89' lang='lat' dir='ltr'><strong>ad</strong></span> <span class='ocrx_word' id='word_1_307' title='bbox 699 1798 764 1828; x_wconf 91' lang='lat' dir='ltr'><strong>Od.</strong></span> <span class='ocrx_word' id='word_1_308' title='bbox 788 1809 817 1833; x_wconf 84' lang='grc' dir='ltr'><strong>α,</strong></span> <span class='ocrx_word' id='word_1_309' title='bbox 844 1798 901 1828; x_wconf 78' lang='lat'><strong>185</strong></span> <span class='ocrx_word' id='word_1_310' title='bbox 924 1807 955 1837; x_wconf 92' lang='lat' dir='ltr'><strong>p.</strong></span> <span class='ocrx_word' id='word_1_311' title='bbox 982 1798 1071 1832; x_wconf 72' lang='lat'>14‹›9‚</span> <span class='ocrx_word' id='word_1_312' title='bbox 1100 1799 1144 1835; x_wconf 77' lang='lat'><strong>15,</strong></span> <span class='ocrx_word' id='word_1_313' title='bbox 1169 1802 1211 1832; x_wconf 87' lang='lat' dir='ltr'><strong>et,</strong></span> <span class='ocrx_word' id='word_1_314' title='bbox 1237 1796 1398 1836; x_wconf 88' lang='lat' dir='ltr'><strong>quoniam</strong></span> <span class='ocrx_word' id='word_1_315' title='bbox 1420 1796 1641 1836; x_wconf 82' lang='lat' dir='ltr'><strong>proverbium</strong></span> <span class='ocrx_word' id='word_1_316' title='bbox 1671 1796 1749 1825; x_wconf 91' lang='lat' dir='ltr'><strong>inde</strong></span> <span class='ocrx_word' id='word_1_317' title='bbox 1773 1801 1891 1825; x_wconf 86' lang='lat' dir='ltr'><strong>natum</strong></span> <span class='ocrx_word' id='word_1_318' title='bbox 1916 1800 1980 1825; x_wconf 89' lang='lat' dir='ltr'><strong>est:</strong></span> <span class='ocrx_word' id='word_1_319' title='bbox 2016 1795 2051 1825; x_wconf 80' lang='grc' dir='ltr'><strong>ἐν</strong></span> 
     </span>
     <span class='ocr_line' id='line_1_29' title="bbox 263 1848 2052 1894; baseline -0.003 -9"><span class='ocrx_word' id='word_1_320' title='bbox 263 1854 390 1894; x_wconf 83' lang='grc' dir='ltr'>Τεμέσῃ</span> <span class='ocrx_word' id='word_1_321' title='bbox 413 1853 508 1892; x_wconf 78' lang='grc' dir='ltr'>ἥρως,</span> <span class='ocrx_word' id='word_1_322' title='bbox 530 1853 745 1887; x_wconf 84' lang='lat' dir='ltr'><strong>Plutarchus,</strong></span> <span class='ocrx_word' id='word_1_323' title='bbox 770 1851 935 1882; x_wconf 86' lang='lat' dir='ltr'><strong>Proverb.</strong></span> <span class='ocrx_word' id='word_1_324' title='bbox 960 1857 1046 1882; x_wconf 87' lang='lat' dir='ltr'><strong>cent.</strong></span> <span class='ocrx_word' id='word_1_325' title='bbox 1071 1851 1113 1886; x_wconf 79' lang='grc' dir='ltr'><strong>ΙΙ,</strong></span> <span class='ocrx_word' id='word_1_326' title='bbox 1137 1852 1174 1882; x_wconf 82' lang='grc'><strong>31</strong></span> <span class='ocrx_word' id='word_1_327' title='bbox 1199 1852 1265 1888; x_wconf 91' lang='lat' dir='ltr'><strong>(ed.</strong></span> <span class='ocrx_word' id='word_1_328' title='bbox 1291 1850 1446 1891; x_wconf 88' lang='lat' dir='ltr'><strong>Gotting.</strong></span> <span class='ocrx_word' id='word_1_329' title='bbox 1470 1851 1494 1885; x_wconf 89' lang='grc' dir='ltr'><strong>Ι,</strong></span> <span class='ocrx_word' id='word_1_330' title='bbox 1519 1850 1594 1889; x_wconf 78' lang='lat'>342)</span> <span class='ocrx_word' id='word_1_331' title='bbox 1619 1856 1652 1881; x_wconf 88' lang='lat' dir='ltr'><strong>et</strong></span> <span class='ocrx_word' id='word_1_332' title='bbox 1675 1849 1768 1881; x_wconf 87' lang='lat' dir='ltr'><strong>Suid.</strong></span> <span class='ocrx_word' id='word_1_333' title='bbox 1793 1860 1818 1881; x_wconf 45' lang='lat' dir='ltr'><strong>s⁴</strong></span> <span class='ocrx_word' id='word_1_334' title='bbox 1841 1860 1872 1880; x_wconf 92' lang='lat' dir='ltr'><strong>v.</strong></span> <span class='ocrx_word' id='word_1_335' title='bbox 1895 1849 1914 1880; x_wconf 87' lang='grc' dir='ltr'>ὁ</span> <span class='ocrx_word' id='word_1_336' title='bbox 1937 1849 1972 1880; x_wconf 82' lang='grc' dir='ltr'><strong>ἐν</strong></span> <span class='ocrx_word' id='word_1_337' title='bbox 1998 1848 2052 1879; x_wconf 90' lang='grc' dir='ltr'><strong>Τε-</strong></span> 
     </span>
     <span class='ocr_line' id='line_1_30' title="bbox 267 1903 2053 1948; baseline -0.003 -9"><span class='ocrx_word' id='word_1_338' title='bbox 267 1908 358 1948; x_wconf 84' lang='grc' dir='ltr'>μέσῃ.</span> <span class='ocrx_word' id='word_1_339' title='bbox 404 1906 638 1937; x_wconf 87' lang='lat' dir='ltr'><strong>Gravissimus</strong></span> <span class='ocrx_word' id='word_1_340' title='bbox 661 1916 744 1936; x_wconf 88' lang='lat' dir='ltr'><strong>vero</strong></span> <span class='ocrx_word' id='word_1_341' title='bbox 767 1907 810 1936; x_wconf 91' lang='lat' dir='ltr'><strong>de</strong></span> <span class='ocrx_word' id='word_1_342' title='bbox 827 1905 987 1945; x_wconf 88' lang='lat' dir='ltr'><strong>Euthymi</strong></span> <span class='ocrx_word' id='word_1_343' title='bbox 1011 1905 1090 1935; x_wconf 84' lang='lat' dir='ltr'><strong>fatis</strong></span> <span class='ocrx_word' id='word_1_344' title='bbox 1112 1911 1252 1945; x_wconf 88' lang='lat' dir='ltr'><strong>praeter</strong></span> <span class='ocrx_word' id='word_1_345' title='bbox 1273 1905 1480 1936; x_wconf 85' lang='lat' dir='ltr'><strong>Pausaniam</strong></span> <span class='ocrx_word' id='word_1_346' title='bbox 1502 1904 1600 1935; x_wconf 85' lang='lat' dir='ltr'><strong>testis</strong></span> <span class='ocrx_word' id='word_1_347' title='bbox 1624 1912 1676 1935; x_wconf 89' lang='lat' dir='ltr'><strong>est</strong></span> <span class='ocrx_word' id='word_1_348' title='bbox 1692 1903 1933 1942; x_wconf 85' lang='lat' dir='ltr'><strong>Callimachus,</strong></span> <span class='ocrx_word' id='word_1_349' title='bbox 1957 1903 2053 1933; x_wconf 87' lang='lat' dir='ltr'><strong>cuius</strong></span> 
     </span>
     <span class='ocr_line' id='line_1_31' title="bbox 269 1957 2053 2001; baseline -0.003 -9"><span class='ocrx_word' id='word_1_350' title='bbox 269 1962 383 2001; x_wconf 87' lang='lat' dir='ltr'><strong>aliquo</strong></span> <span class='ocrx_word' id='word_1_351' title='bbox 408 1971 515 2001; x_wconf 89' lang='lat' dir='ltr'><strong>opere</strong></span> <span class='ocrx_word' id='word_1_352' title='bbox 547 1961 581 1990; x_wconf 90' lang='lat' dir='ltr'><strong>in</strong></span> <span class='ocrx_word' id='word_1_353' title='bbox 608 1960 821 1990; x_wconf 87' lang='lat' dir='ltr'><strong>mirabilibus</strong></span> <span class='ocrx_word' id='word_1_354' title='bbox 845 1959 1006 1999; x_wconf 87' lang='lat' dir='ltr'><strong>Euthymi</strong></span> <span class='ocrx_word' id='word_1_355' title='bbox 1040 1959 1171 1990; x_wconf 86' lang='lat' dir='ltr'><strong>eventis</strong></span> <span class='ocrx_word' id='word_1_356' title='bbox 1203 1959 1383 1989; x_wconf 88' lang='lat' dir='ltr'><strong>narrandis</strong></span> <span class='ocrx_word' id='word_1_357' title='bbox 1405 1959 1535 1989; x_wconf 87' lang='lat' dir='ltr'><strong>Plinius</strong></span> <span class='ocrx_word' id='word_1_358' title='bbox 1565 1969 1646 1989; x_wconf 84' lang='lat' dir='ltr'><strong>usus</strong></span> <span class='ocrx_word' id='word_1_359' title='bbox 1676 1964 1738 1994; x_wconf 89' lang='lat' dir='ltr'><strong>est,</strong></span> <span class='ocrx_word' id='word_1_360' title='bbox 1773 1959 1850 1988; x_wconf 91' lang='lat' dir='ltr'><strong>Nat.</strong></span> <span class='ocrx_word' id='word_1_361' title='bbox 1875 1958 1953 1988; x_wconf 88' lang='lat' dir='ltr'><strong>hist.</strong></span> <span class='ocrx_word' id='word_1_362' title='bbox 1977 1957 2053 1993; x_wconf 90' lang='lat' dir='ltr'><strong>VH,</strong></span> 
     </span>
     <span class='ocr_line' id='line_1_32' title="bbox 266 2012 2052 2055; baseline -0.003 -8"><span class='ocrx_word' id='word_1_363' title='bbox 266 2017 295 2055; x_wconf 66' lang='grc' dir='ltr'><strong>ξ.</strong></span> <span class='ocrx_word' id='word_1_364' title='bbox 321 2017 389 2047; x_wconf 84' lang='grc'>152.</span> <span class='ocrx_word' id='word_1_365' title='bbox 434 2015 511 2045; x_wconf 83' lang='lat' dir='ltr'><strong>Hae</strong></span> <span class='ocrx_word' id='word_1_366' title='bbox 535 2015 734 2046; x_wconf 88' lang='lat' dir='ltr'><strong>Callimachi</strong></span> <span class='ocrx_word' id='word_1_367' title='bbox 757 2015 850 2054; x_wconf 89' lang='lat' dir='ltr'><strong>apud</strong></span> <span class='ocrx_word' id='word_1_368' title='bbox 872 2014 1019 2044; x_wconf 90' lang='lat' dir='ltr'><strong>Plinium</strong></span> <span class='ocrx_word' id='word_1_369' title='bbox 1042 2014 1237 2044; x_wconf 87' lang='lat' dir='ltr'><strong>narratione</strong></span> <span class='ocrx_word' id='word_1_370' title='bbox 1261 2014 1318 2044; x_wconf 91' lang='lat' dir='ltr'><strong>illa</strong></span> <span class='ocrx_word' id='word_1_371' title='bbox 1341 2024 1431 2053; x_wconf 90' lang='lat' dir='ltr'><strong>quae</strong></span> <span class='ocrx_word' id='word_1_372' title='bbox 1455 2024 1499 2044; x_wconf 77' lang='lat' dir='ltr'><strong>ex</strong></span> <span class='ocrx_word' id='word_1_373' title='bbox 1523 2014 1696 2043; x_wconf 86' lang='lat' dir='ltr'><strong>Pausania</strong></span> <span class='ocrx_word' id='word_1_374' title='bbox 1717 2013 1885 2048; x_wconf 85' lang='lat' dir='ltr'><strong>novimus,</strong></span> <span class='ocrx_word' id='word_1_375' title='bbox 1907 2012 2052 2052; x_wconf 86' lang='lat' dir='ltr'><strong>pulchro</strong></span> 
     </span>
     <span class='ocr_line' id='line_1_33' title="bbox 268 2066 2054 2108; baseline -0.003 -7"><span class='ocrx_word' id='word_1_376' title='bbox 268 2076 302 2101; x_wconf 91' lang='lat' dir='ltr'><strong>et</strong></span> <span class='ocrx_word' id='word_1_377' title='bbox 325 2071 427 2100; x_wconf 83' lang='lat' dir='ltr'><strong>valde</strong></span> <span class='ocrx_word' id='word_1_378' title='bbox 449 2070 592 2100; x_wconf 85' lang='lat' dir='ltr'><strong>notabili</strong></span> <span class='ocrx_word' id='word_1_379' title='bbox 616 2069 732 2108; x_wconf 89' lang='lat' dir='ltr'><strong>aliquo</strong></span> <span class='ocrx_word' id='word_1_380' title='bbox 756 2068 993 2099; x_wconf 84' lang='lat' dir='ltr'><strong>additamento</strong></span> <span class='ocrx_word' id='word_1_381' title='bbox 1018 2069 1229 2108; x_wconf 89' lang='lat' dir='ltr'><strong>supplentur.</strong></span> <span class='ocrx_word' id='word_1_382' title='bbox 1274 2069 1487 2098; x_wconf 86' lang='lat' dir='ltr'><strong>Narraverat</strong></span> <span class='ocrx_word' id='word_1_383' title='bbox 1512 2067 1752 2106; x_wconf 86' lang='lat' dir='ltr'><strong>Callimachus,</strong></span> <span class='ocrx_word' id='word_1_384' title='bbox 1775 2067 1948 2106; x_wconf 87' lang='lat' dir='ltr'><strong>Euthymo</strong></span> <span class='ocrx_word' id='word_1_385' title='bbox 1972 2066 2054 2096; x_wconf 93' lang='lat' dir='ltr'><strong>Del-</strong></span> 
     </span>
     <span class='ocr_line' id='line_1_34' title="bbox 268 2121 2054 2164; baseline -0.003 -9"><span class='ocrx_word' id='word_1_386' title='bbox 268 2125 358 2164; x_wconf 88' lang='lat' dir='ltr'><strong>phici</strong></span> <span class='ocrx_word' id='word_1_387' title='bbox 383 2124 512 2155; x_wconf 87' lang='lat' dir='ltr'><strong>oraculi</strong></span> <span class='ocrx_word' id='word_1_388' title='bbox 535 2125 695 2154; x_wconf 87' lang='lat' dir='ltr'><strong>mandatu</strong></span> <span class='ocrx_word' id='word_1_389' title='bbox 721 2129 754 2153; x_wconf 88' lang='lat' dir='ltr'><strong>et</strong></span> <span class='ocrx_word' id='word_1_390' title='bbox 778 2124 857 2153; x_wconf 86' lang='lat' dir='ltr'><strong>vivo</strong></span> <span class='ocrx_word' id='word_1_391' title='bbox 882 2124 1067 2153; x_wconf 89' lang='lat' dir='ltr'><strong>etiamtunc</strong></span> <span class='ocrx_word' id='word_1_392' title='bbox 1090 2128 1123 2153; x_wconf 90' lang='lat' dir='ltr'><strong>et</strong></span> <span class='ocrx_word' id='word_1_393' title='bbox 1147 2121 1272 2152; x_wconf 87' lang='lat' dir='ltr'><strong>deinde</strong></span> <span class='ocrx_word' id='word_1_394' title='bbox 1288 2127 1423 2152; x_wconf 88' lang='lat' dir='ltr'><strong>mortuo</strong></span> <span class='ocrx_word' id='word_1_395' title='bbox 1449 2122 1583 2152; x_wconf 86' lang='lat' dir='ltr'><strong>divinos</strong></span> <span class='ocrx_word' id='word_1_396' title='bbox 1599 2123 1748 2152; x_wconf 90' lang='lat' dir='ltr'><strong>honores</strong></span> <span class='ocrx_word' id='word_1_397' title='bbox 1765 2121 1886 2151; x_wconf 90' lang='lat' dir='ltr'><strong>haberi</strong></span> <span class='ocrx_word' id='word_1_398' title='bbox 1909 2125 2054 2160; x_wconf 89' lang='lat' dir='ltr'><strong>coeptos</strong></span> 
     </span>
     <span class='ocr_line' id='line_1_35' title="bbox 269 2175 2054 2217; baseline -0.003 -8"><span class='ocrx_word' id='word_1_399' title='bbox 269 2189 353 2209; x_wconf 88' lang='lat' dir='ltr'><strong>esse.</strong></span> <span class='ocrx_word' id='word_1_400' title='bbox 395 2179 583 2209; x_wconf 89' lang='lat' dir='ltr'><strong>Praeterea</strong></span> <span class='ocrx_word' id='word_1_401' title='bbox 605 2188 678 2209; x_wconf 91' lang='lat' dir='ltr'><strong>rem</strong></span> <span class='ocrx_word' id='word_1_402' title='bbox 701 2178 916 2217; x_wconf 83' lang='lat' dir='ltr'><strong>paradoxam</strong></span> <span class='ocrx_word' id='word_1_403' title='bbox 940 2176 1194 2216; x_wconf 87' lang='lat' dir='ltr'><strong>mirificamque,</strong></span> <span class='ocrx_word' id='word_1_404' title='bbox 1218 2177 1308 2207; x_wconf 88' lang='lat' dir='ltr'><strong>unde</strong></span> <span class='ocrx_word' id='word_1_405' title='bbox 1324 2186 1427 2216; x_wconf 88' lang='lat' dir='ltr'><strong>quam</strong></span> <span class='ocrx_word' id='word_1_406' title='bbox 1451 2187 1550 2207; x_wconf 87' lang='lat' dir='ltr'><strong>carus</strong></span> <span class='ocrx_word' id='word_1_407' title='bbox 1575 2176 1626 2206; x_wconf 91' lang='lat' dir='ltr'><strong>dis</strong></span> <span class='ocrx_word' id='word_1_408' title='bbox 1652 2175 1902 2206; x_wconf 88' lang='lat' dir='ltr'><strong>immortalibus</strong></span> <span class='ocrx_word' id='word_1_409' title='bbox 1923 2175 2054 2205; x_wconf 89' lang='lat' dir='ltr'><strong>athleta</strong></span> 
     </span>
     <span class='ocr_line' id='line_1_36' title="bbox 268 2230 2054 2272; baseline -0.002 -9"><span class='ocrx_word' id='word_1_410' title='bbox 268 2233 324 2263; x_wconf 88' lang='lat' dir='ltr'><strong>ille</strong></span> <span class='ocrx_word' id='word_1_411' title='bbox 349 2232 460 2268; x_wconf 87' lang='lat' dir='ltr'><strong>fuerit,</strong></span> <span class='ocrx_word' id='word_1_412' title='bbox 495 2233 685 2262; x_wconf 87' lang='lat' dir='ltr'><strong>luculenter</strong></span> <span class='ocrx_word' id='word_1_413' title='bbox 708 2232 872 2272; x_wconf 83' lang='lat' dir='ltr'><strong>cognosci</strong></span> <span class='ocrx_word' id='word_1_414' title='bbox 904 2232 1062 2272; x_wconf 89' lang='lat' dir='ltr'><strong>potuerit,</strong></span> <span class='ocrx_word' id='word_1_415' title='bbox 1098 2230 1328 2262; x_wconf 87' lang='lat' dir='ltr'><strong>Callimachus</strong></span> <span class='ocrx_word' id='word_1_416' title='bbox 1357 2231 1562 2261; x_wconf 88' lang='lat' dir='ltr'><strong>tradiderat:</strong></span> <span class='ocrx_word' id='word_1_417' title='bbox 1595 2230 1757 2270; x_wconf 84' lang='lat' dir='ltr'><strong>Euthymi</strong></span> <span class='ocrx_word' id='word_1_418' title='bbox 1791 2231 1878 2260; x_wconf 91' lang='lat' dir='ltr'><strong>duae</strong></span> <span class='ocrx_word' id='word_1_419' title='bbox 1910 2234 2054 2265; x_wconf 90' lang='lat' dir='ltr'><strong>statuae,</strong></span> 
     </span>
     <span class='ocr_line' id='line_1_37' title="bbox 270 2283 2055 2326; baseline -0.002 -10"><span class='ocrx_word' id='word_1_420' title='bbox 270 2288 379 2317; x_wconf 89' lang='lat' dir='ltr'><strong>altera</strong></span> <span class='ocrx_word' id='word_1_421' title='bbox 403 2286 587 2326; x_wconf 87' lang='lat' dir='ltr'><strong>Olympiae</strong></span> <span class='ocrx_word' id='word_1_422' title='bbox 609 2285 735 2325; x_wconf 91' lang='lat' dir='ltr'><strong>posita,</strong></span> <span class='ocrx_word' id='word_1_423' title='bbox 759 2287 870 2316; x_wconf 88' lang='lat' dir='ltr'><strong>altera</strong></span> <span class='ocrx_word' id='word_1_424' title='bbox 892 2287 984 2326; x_wconf 87' lang='lat' dir='ltr'><strong>apud</strong></span> <span class='ocrx_word' id='word_1_425' title='bbox 1007 2286 1138 2317; x_wconf 92' lang='lat' dir='ltr'><strong>Locros</strong></span> <span class='ocrx_word' id='word_1_426' title='bbox 1167 2286 1200 2316; x_wconf 90' lang='lat' dir='ltr'><strong>in</strong></span> <span class='ocrx_word' id='word_1_427' title='bbox 1221 2286 1342 2326; x_wconf 83' lang='lat' dir='ltr'><strong>patria,</strong></span> <span class='ocrx_word' id='word_1_428' title='bbox 1371 2286 1494 2315; x_wconf 89' lang='lat' dir='ltr'><strong>ambae</strong></span> <span class='ocrx_word' id='word_1_429' title='bbox 1519 2285 1641 2315; x_wconf 91' lang='lat' dir='ltr'><strong>eodem</strong></span> <span class='ocrx_word' id='word_1_430' title='bbox 1670 2283 1725 2314; x_wconf 87' lang='lat' dir='ltr'><strong>die</strong></span> <span class='ocrx_word' id='word_1_431' title='bbox 1755 2284 1798 2313; x_wconf 91' lang='lat' dir='ltr'><strong>de</strong></span> <span class='ocrx_word' id='word_1_432' title='bbox 1820 2283 1917 2314; x_wconf 87' lang='lat' dir='ltr'><strong>caelo</strong></span> <span class='ocrx_word' id='word_1_433' title='bbox 1940 2287 2055 2313; x_wconf 84' lang='lat' dir='ltr'><strong>tactae</strong></span> 
     </span>
     <span class='ocr_line' id='line_1_38' title="bbox 271 2337 2055 2381; baseline -0.003 -10"><span class='ocrx_word' id='word_1_434' title='bbox 271 2347 377 2372; x_wconf 83' lang='lat' dir='ltr'><strong>erant.</strong></span> <span class='ocrx_word' id='word_1_435' title='bbox 423 2341 611 2380; x_wconf 87' lang='lat' dir='ltr'><strong>Optumum</strong></span> <span class='ocrx_word' id='word_1_436' title='bbox 636 2341 698 2371; x_wconf 89' lang='lat' dir='ltr'><strong>erit</strong></span> <span class='ocrx_word' id='word_1_437' title='bbox 722 2341 828 2380; x_wconf 93' lang='lat' dir='ltr'><strong>ipsius</strong></span> <span class='ocrx_word' id='word_1_438' title='bbox 850 2340 950 2371; x_wconf 91' lang='lat' dir='ltr'><strong>Plinii</strong></span> <span class='ocrx_word' id='word_1_439' title='bbox 973 2342 1091 2381; x_wconf 77' lang='lat' dir='ltr'><strong>verba,</strong></span> <span class='ocrx_word' id='word_1_440' title='bbox 1114 2341 1238 2381; x_wconf 90' lang='lat' dir='ltr'><strong>quibus</strong></span> <span class='ocrx_word' id='word_1_441' title='bbox 1260 2350 1349 2380; x_wconf 89' lang='lat' dir='ltr'><strong>quae</strong></span> <span class='ocrx_word' id='word_1_442' title='bbox 1372 2339 1546 2378; x_wconf 91' lang='lat' dir='ltr'><strong>copiosius</strong></span> <span class='ocrx_word' id='word_1_443' title='bbox 1569 2337 1798 2368; x_wconf 88' lang='lat' dir='ltr'><strong>Callimachus</strong></span> <span class='ocrx_word' id='word_1_444' title='bbox 1822 2342 2055 2373; x_wconf 89' lang='lat' dir='ltr'><strong>enarraverat,</strong></span> 
     </span>
     <span class='ocr_line' id='line_1_39' title="bbox 269 2390 2054 2434; baseline -0.002 -10"><span class='ocrx_word' id='word_1_445' title='bbox 269 2396 315 2425; x_wconf 90' lang='lat' dir='ltr'><strong>ad</strong></span> <span class='ocrx_word' id='word_1_446' title='bbox 338 2395 578 2434; x_wconf 90' lang='lat' dir='ltr'><strong>compendium</strong></span> <span class='ocrx_word' id='word_1_447' title='bbox 602 2395 754 2431; x_wconf 79' lang='lat' dir='ltr'><strong>contulit,</strong></span> <span class='ocrx_word' id='word_1_448' title='bbox 779 2395 1014 2434; x_wconf 86' lang='lat' dir='ltr'><strong>adscripsisse.</strong></span> <span class='ocrx_word' id='word_1_449' title='bbox 1060 2394 1144 2426; x_wconf 89' lang='lat' dir='ltr'><strong>Cum</strong></span> <span class='ocrx_word' id='word_1_450' title='bbox 1171 2404 1255 2425; x_wconf 87' lang='lat' dir='ltr'><strong>vero</strong></span> <span class='ocrx_word' id='word_1_451' title='bbox 1286 2394 1379 2433; x_wconf 89' lang='lat' dir='ltr'><strong>apud</strong></span> <span class='ocrx_word' id='word_1_452' title='bbox 1401 2393 1549 2423; x_wconf 89' lang='lat' dir='ltr'><strong>Plinium</strong></span> <span class='ocrx_word' id='word_1_453' title='bbox 1576 2393 1662 2423; x_wconf 90' lang='lat' dir='ltr'><strong>haec</strong></span> <span class='ocrx_word' id='word_1_454' title='bbox 1685 2392 1798 2422; x_wconf 87' lang='lat' dir='ltr'><strong>omnia</strong></span> <span class='ocrx_word' id='word_1_455' title='bbox 1820 2391 1853 2421; x_wconf 87' lang='lat' dir='ltr'><strong>in</strong></span> <span class='ocrx_word' id='word_1_456' title='bbox 1877 2390 2054 2421; x_wconf 87' lang='lat' dir='ltr'><strong>codicibus</strong></span> 
     </span>
    </p>
   </div>
  </div>
 </body>
</html>
