2236 2979
1010 276 1082 306 XV

158 375 260 405 valde
285 379 448 413 corrupta
467 374 675 413 legerentur,
701 380 843 404 exortus
865 378 917 405 est
939 375 991 404 vir
1007 375 1050 404 de
1067 374 1276 405 Callimacho
1300 376 1442 415 egregie
1457 376 1608 412 meritus,
1633 376 1776 408 Carolus
1788 378 1941 420 Dilthey‚

159 429 218 469 qui
242 429 275 459 in
297 428 476 458 Analectis
501 427 750 463 Callimaeheis,
773 428 916 459 Bonnae
941 429 1030 461 1865.
1054 438 1086 467 p.
1112 429 1150 459 21
1180 429 1322 459 remotis
1350 429 1673 469 interpolationibus
1696 431 1784 461 hunc
1813 432 1847 462 in
1870 443 1943 464 mo-

161 484 240 513 dum
263 482 364 512 Plinii
397 483 506 512 verba
537 483 695 517 restituit,
723 483 807 514 Plin.
830 482 906 518 VH,
930 485 954 519 ἓ.
982 483 1055 514 152:
1094 482 1312 512 Consecratus
1340 485 1390 512 est
1422 482 1515 513 vivos
1547 483 1760 525 senlz‘ensque
1792 485 1940 517 eiusdem

156 535 290 566 oraculi
311 535 408 566 iussu
432 538 464 565 ct
486 535 577 566 Iovis
599 536 736 566 deorum
758 535 886 566 summi
913 535 1122 577 adstipulatu
1145 536 1334 576 Euflzynms
1351 539 1457 576 pycta,
1488 540 1615 578 semper
1642 539 1814 580 Olympiae
1835 539 1944 571 victor

158 592 191 620 et
211 589 312 620 semel
331 589 450 620 victus.
477 589 596 630 patria
630 589 665 620 cz*
684 589 790 620 Locri
810 589 848 620 in
876 589 988 621 Italia.
1016 589 1067 620 2'bz'
1090 589 1277 631 imaginem
1307 590 1382 620 cius
1413 593 1445 620 ct
1470 591 1641 632 Olympiae
1669 593 1809 623 alleram
1833 595 1942 625 eodem

154 643 207 674 die
230 646 350 674 tactam
362 642 524 684 fulmine
551 643 793 674 Callimachmn
817 647 856 674 ut
877 643 970 674 m'lzz‘l
990 643 1092 674 aliud
1111 643 1274 674 miratum
1299 642 1394 673 video
1415 644 1577 685 deumque
1604 645 1639 675 ci
1663 649 1679 681 (
1683 647 1700 657 “
1710 647 1757 676 ad
1774 657 1913 688 cumque
1926 648 1943 659 ”

158 699 257 729 codd.
279 698 381 734 Plin.)
410 697 550 728 iussisse
572 697 770 739 sacrificari,
805 698 894 739 quod
914 701 946 728 et
965 697 1041 728 vz'vo
1055 697 1260 738 shclilalum
1288 699 1320 727 et
1348 700 1489 733 mortuo,
1525 697 1680 740 nihilque
1708 701 1788 731 adeo
1814 701 1942 732 mirum

155 761 312 792 umquam
337 750 505 789 (“mirum
529 750 630 781 aliud
648 751 774 791 quam”
799 753 898 782 codd.
922 752 1022 791 Plin.)
1039 751 1210 792 placuisse
1231 750 1294 782 dis.

175 864 220 894 13.
264 862 483 893 Athletarum
508 862 683 901 ἀφηρώιξις
707 862 896 892 institutum
925 868 978 892 est
998 862 1067 892 late
1089 868 1212 901 patens
1235 864 1328 902 apud
1351 862 1513 894 Graecos.
1558 863 1696 903 Quanta
1720 865 1931 895 eruditorum

460 916 503 946 sit
527 916 701 946 contentio
726 917 768 946 de
792 916 889 953 libro,
914 926 981 955 quo
1006 915 1234 947 Callimachus
1259 919 1301 948 de
1322 917 1494 957 Euthymo
1519 918 1639 957 egerit.

306 991 520 1021 Narraverat
549 991 654 1030 igitur
688 991 730 1021 de
759 990 931 1030 Euthymo
956 990 1185 1021 Callimachus
1215 992 1314 1027 idem,
1351 994 1443 1032 quod
1475 994 1517 1023 de
1540 998 1592 1023 tot
1615 993 1690 1023 aliis
1714 994 1853 1024 athletis
1876 999 1943 1024 tra-

162 1045 261 1079 ditur,
286 1046 329 1075 de
352 1045 486 1074 duobus
510 1045 632 1074 saltem
654 1044 845 1074 Pausanias
868 1044 1015 1075 rettulit:
1047 1055 1116 1082 eOS,
1140 1045 1220 1084 quia
1243 1046 1295 1076 dis
1319 1047 1388 1076 cari
1411 1046 1545 1082 fuerint,
1571 1047 1695 1077 divinis
1718 1048 1773 1078 vel
1796 1048 1945 1078 heroicis

158 1099 346 1129 honoribus
369 1099 479 1128 cultos
503 1108 588 1128 esse.
633 1098 754 1127 Tradit
775 1099 839 1128 hoc
861 1098 1051 1128 Pausanias
1074 1100 1117 1129 de
1139 1099 1325 1130 Cleomede
1350 1101 1623 1140 Astypalaeensi
1646 1102 1762 1138 (Paus.
1786 1102 1846 1141 VI,
1859 1103 1886 1139 9,
1902 1102 1943 1141 8),

159 1153 334 1183 oraculum
358 1153 461 1183 etiam
485 1152 655 1192 adferens,
678 1162 745 1191 quo
758 1152 888 1191 Apollo
905 1152 1095 1191 Delphicus
1119 1154 1322 1192 apotheosin
1344 1155 1399 1185 vel
1423 1155 1629 1194 apheroi'xin
1652 1155 1853 1194 (ἀφηρώιξιν)
1877 1155 1944 1186 ius-

158 1208 256 1238 serit:
279 1207 444 1245 “Yorurog
468 1207 584 1244 ἡρώων
608 1207 791 1244 Κλεομήδης
814 1206 1076 1246 Ἀστυπαλαιεύς,
1099 1207 1110 1246 Η
1132 1208 1170 1239 ὃν
1192 1209 1319 1247 θυσίαις
1347 1208 1458 1246 τιμᾶθ’,
1487 1209 1542 1240 ἅτε
1567 1211 1673 1247 μηκέτι
1697 1210 1814 1248 θνητὸν
1837 1210 1943 1241 ἐόντα.

161 1261 248 1291 conf.
270 1261 360 1292 Plut.
383 1261 521 1292 Romul.
546 1261 585 1291 28
610 1266 643 1291 et
665 1260 791 1291 Euseb.
816 1260 939 1300 Praep.
968 1261 1101 1301 Evang.
1125 1261 1167 1301 V,
1190 1262 1242 1301 34,
1265 1263 1355 1293 2—9.
1402 1262 1538 1293 Deinde
1559 1263 1784 1303 Theagenem
1808 1274 1944 1303 quoque

161 1315 324 1345 Thasium
348 1320 427 1354 post
449 1319 598 1344 mortem
620 1314 769 1345 heroicis
788 1314 972 1344 honoribus
996 1315 1062 1345 coli
1085 1321 1245 1354 coeptum
1269 1326 1355 1351 esse,
1379 1317 1534 1356 legimuS,
1558 1327 1753 1357 novomque
1775 1318 1864 1348 hune
1887 1318 1944 1348 he-

159 1378 255 1399 roem
269 1378 375 1408 saepe
387 1369 600 1405 mortalibus,
625 1378 726 1407 opem
742 1369 814 1398 eius
837 1369 869 1398 in
882 1369 982 1408 gravi
995 1370 1192 1400 valetudine
1204 1370 1475 1409 implorantibus,
1490 1371 1675 1401 salutarem
1692 1371 1818 1406 fuisse;
1842 1371 1944 1402 Paus.

161 1422 222 1457 V1,
247 1423 294 1457 ll,
319 1423 351 1454 8:
375 1423 489 1453 Θάσιοι
512 1424 547 1454 δὲ
571 1422 745 1461 ἀναθέντες
769 1424 840 1460 (τὸν
863 1425 920 1454 τοῦ
944 1423 1127 1461 Θεαγένους
1150 1423 1337 1463 ἀνδριάντα)
1361 1425 1438 1455 ἔνθα
1465 1425 1515 1455 καὶ
1542 1425 1574 1456 ἐξ
1603 1425 1703 1463 ἀρχῆς
1727 1425 1839 1459 ἔκειτο,
1862 1425 1947 1463 νομί-

159 1479 270 1508 ζουσιν
294 1476 350 1507 ἅτε
373 1479 436 1516 θεῷ
460 1477 545 1507 θύειν
570 1503 575 1508 ,
597 1501 602 1506 .
628 1502 634 1507 .
657 1477 832 1514 Πολλαχοῦ
861 1477 896 1507 δὲ
919 1477 970 1507 καὶ
993 1502 998 1507 .
1024 1503 1028 1507 .
1054 1502 1059 1506 .
1084 1477 1156 1508 οἶδα
1181 1503 1186 1508 .
1210 1503 1215 1508 .
1242 1503 1247 1508 .
1271 1479 1322 1509 καὶ
1345 1479 1513 1516 νοσήματά
1539 1489 1572 1510 τε
1601 1479 1699 1510 αὐτὸν
1729 1479 1865 1516 ἰώμενον
1896 1479 1947 1510 καὶ

160 1531 276 1569 ἔχοντα
299 1531 386 1569 παρὰ
409 1533 472 1562 τῶν
495 1531 674 1569 ἐπιχωρίων
697 1530 797 1568 τιμάς.
829 1530 917 1561 conf.
940 1531 1066 1562 Euseb.
1090 1531 1214 1571 Praep.
1237 1532 1300 1563 Ev.
1320 1532 1362 1572 V,
1386 1534 1435 1572 34,
1463 1533 1575 1564 9—14.
1620 1532 1752 1563 Similia
1777 1533 1819 1562 de
1842 1533 1946 1572 Puly-

163 1585 325 1614 damante
349 1583 561 1614 Scotussaeo
594 1585 830 1623 pancratiaste„
861 1585 1101 1619 narrabantur,
1137 1586 1231 1616 cuius
1264 1587 1370 1616 vitam
1393 1587 1493 1617 Paus.
1516 1586 1575 1621 VI,
1599 1588 1627 1623 5,
1653 1587 1733 1617 1-9
1762 1587 1947 1626 percurrit;

167 1639 372 1678 apotheosin
396 1638 468 1668 eius
491 1644 525 1669 et
548 1639 639 1669 vires
662 1644 741 1678 post
762 1644 909 1668 mortem
933 1639 1085 1669 medicas
1108 1640 1220 1678 tangit
1232 1639 1411 1674 Lucianus‚
1434 1639 1587 1669 Deorum
1606 1639 1785 1669 concilium
1810 1640 1862 1670 12:
1885 1640 1945 1677 ἤδη

162 1693 213 1724 καὶ
236 1692 254 1723 ὁ
277 1691 533 1730 Πολυδάμαντος
557 1694 614 1723 τοῦ
637 1691 778 1730 ἀθλητοῦ
798 1692 930 1731 ἀνδριὰς
955 1692 1036 1723 ἰᾶται
1060 1693 1135 1731 τοὺς
1160 1694 1376 1731 πυρέττοντας
1400 1694 1435 1724 ἐν
1458 1689 1614 1733 Ὀλυμπίᾳ
1641 1694 1692 1723 καὶ
1721 1693 1739 1724 ὁ
1764 1694 1948 1731 Θεαγένους

161 1747 195 1777 ἐν
222 1746 332 1787 Θάσῳ,
365 1747 415 1777 καὶ
437 1746 565 1784 Ἕκτορι
589 1746 722 1777 θύουσιν
755 1747 790 1777 ἐν
820 1746 900 1787 Ἰλίῳ
935 1747 985 1777 καὶ
1014 1747 1234 1788 Πρωτεσιλάῳ
1258 1773 1263 1778 .
1290 1773 1295 1778 .
1320 1773 1324 1778 .
1359 1748 1393 1778 ἐν
1421 1748 1626 1788 Χερρονήσῳ.
1670 1747 1811 1777 Plurimi
1842 1747 1948 1787 igitur

160 1801 310 1831 illustres
333 1801 486 1830 athletae
511 1800 661 1839 fuerunt,
684 1801 807 1840 quibus
830 1808 909 1840 post
931 1806 1077 1831 mortem
1102 1801 1231 1831 oraculi
1254 1801 1347 1831 iussu
1371 1801 1474 1830 divini
1497 1802 1648 1831 honores
1673 1807 1706 1830 et
1731 1810 1830 1830 sacra
1854 1800 1947 1830 insti-

163 1860 238 1884 tuta
262 1860 348 1885 sunt.
393 1855 461 1886 Sed
483 1855 547 1884 hos
571 1864 690 1884 omnes
712 1855 745 1884 in
765 1864 834 1884 una
856 1865 893 1884 re
920 1855 1112 1894 Euthymus
1134 1855 1275 1889 Locrus,
1300 1855 1407 1895 pugil,
1431 1864 1596 1894 superare
1611 1854 1809 1885 videbatur:
1833 1854 1862 1884 is
1878 1864 1946 1884 non

164 1914 317 1938 mortuus
331 1909 476 1944 demum,
502 1909 572 1945 sed,
595 1919 684 1948 quae
710 1914 787 1938 sunt
799 1908 997 1939 Callimachi
1011 1910 1102 1948 apud
1116 1909 1261 1939 Plinium
1275 1909 1350 1946 VII,
1369 1910 1473 1947 §.152
1496 1910 1614 1944 verba,
1638 1908 1762 1938 “vivos
1785 1909 1947 1939 sentiens-

163 1962 256 2001 que“
289 1962 321 1992 in
351 1963 524 1992 numinum
553 1963 743 1992 divinorum
768 1963 923 1993 ordinem
946 1969 1106 2002 receptus
1130 1969 1192 1999 est,
1223 1964 1376 2003 ipsorum
1412 1964 1555 1993 deorum
1588 1963 1681 1993 iussu
1704 1964 1947 2002 mandatuque.

160 2016 259 2046 Haec
291 2027 346 2047 res
371 2016 619 2048 Callimachum
642 2023 825 2056 tantopere
853 2018 886 2047 in
916 2017 1177 2047 admirationem
1201 2018 1384 2056 adegerat3
1416 2027 1495 2046 nam
1523 2027 1590 2047 non
1613 2018 1729 2047 hercle
1752 2016 1785 2046 id
1809 2017 1865 2046 ille
1887 2017 1948 2046 rni-

161 2076 257 2101 ratus
274 2076 337 2106 est,
356 2081 400 2101 ex
417 2072 548 2102 athleta
560 2072 701 2102 heroem
722 2071 849 2102 factum
865 2082 957 2106 esse;
981 2072 1047 2101 hoc
1064 2071 1152 2101 enim
1170 2071 1414 2110 pervolgatum
1426 2071 1535 2101 videri
1550 2070 1678 2110 potuit;
1702 2071 1763 2101 sed
1780 2080 1948 2100 summum

164 2125 253 2155 hunc
275 2125 442 2155 honorem
466 2126 544 2156 vivo
569 2126 753 2156 etiamtunc
776 2126 949 2165 Euthymo
974 2125 1152 2164 obtigisse.

311 2178 382 2209 Sed
405 2179 693 2210 reminiscendum
713 2190 801 2210 nunc
824 2186 885 2215 est,
919 2185 1027 2210 totam
1057 2179 1150 2208 illam
1175 2179 1217 2208 de
1247 2177 1326 2208 fatis
1349 2178 1509 2218 Euthymi
1542 2178 1720 2208 historiam
1752 2178 1852 2208 nobis
1884 2187 1948 2217 pro

162 2232 340 2262 Ariadnae
364 2231 421 2262 filo
446 2243 522 2263 esse
546 2234 589 2263 ad
615 2234 696 2263 illud
712 2234 903 2264 litterarum
925 2243 1036 2274 genus
1052 2233 1302 2267 inveniendum,
1326 2233 1416 2262 unde
1432 2233 1624 2263 Pausanias
1640 2233 1855 2263 narrationes
1872 2233 1948 2262 illas

163 2288 206 2316 de
231 2287 369 2317 athletis
387 2287 574 2317 illustribus
591 2288 782 2327 sumpserit,
807 2289 940 2327 quibus,
964 2287 1013 2317 uti
1030 2287 1187 2323 diximus,
1213 2286 1395 2316 severioris
1420 2287 1595 2316 doctrinae
1620 2292 1825 2326 apparatum
1849 2296 1950 2317 exor-

163 2351 247 2371 nare
269 2346 303 2371 et
326 2341 521 2371 exhilarare
546 2342 643 2371 solet.
688 2341 804 2381 Quare
828 2343 978 2372 maximo
1006 2351 1112 2380 opere
1134 2351 1222 2371 nunc
1244 2347 1362 2370 nostra
1385 2341 1472 2370 scire
1494 2340 1646 2376 interest,
1671 2341 1703 2370 in
1730 2350 1881 2380 quonam
1898 2345 1951 2370 tot

164 2405 306 2434 operum
330 2405 467 2425 suorum
492 2396 664 2426 volumine
687 2396 868 2426 Battiades
892 2396 985 2425 illam
1007 2396 1049 2425 de
1066 2396 1239 2435 Euthymo
1263 2395 1494 2425 narrationem
1517 2394 1707 2424 tradiderit.
1754 2394 1809 2425 Ac
1825 2395 1868 2424 de
1884 2395 1952 2424 hac
