2236 2979
1066 279 1188 309 XVIII

234 384 285 414 Ea
321 389 396 422 post
431 383 649 421 impetratam
687 381 864 412 victoriam
902 381 988 410 vitta
1024 390 1199 420 purpurea
1226 386 1348 410 ornata
1381 385 1414 409 et
1445 379 1585 409 dimissa
1615 380 1739 410 eodem
1774 380 1828 410 die
1858 386 2020 420 parentes

233 437 397 467 victoriae
432 437 589 467 conscios
622 435 716 469 fecit;
752 435 839 474 Ael.‚
874 435 914 466 V.
950 435 1024 465 hist.
1061 434 1124 465 IX.
1163 436 1191 465 2.
1247 434 1369 464 Paullo
1417 433 1521 463 etiam
1566 433 1755 464 mirabilius
1795 435 1888 473 apud
1919 434 2020 466 Paus.

235 492 292 526 VI,
307 492 334 523 9,
349 492 376 521 3.
414 490 580 529 Magnam
597 499 703 529 porro
720 489 898 519 materiam
917 489 1076 519 narrandi
1096 489 1304 518 athletarum
1326 487 1504 517 illustrium
1530 488 1720 518 certamina
1741 488 1878 527 privata
1908 494 1942 519 et
1965 499 2020 518 ro-

235 545 330 575 boris
355 544 544 584 specimina
567 554 586 573 a
608 543 805 573 ludibundis
828 543 919 573 edita
943 543 1168 582 praebebant,
1195 551 1263 581 quo
1286 542 1319 571 in
1334 551 1464 580 genere
1484 546 1580 571 tanta
1598 542 1773 580 paullatim
1791 552 1904 572 rerum
1921 543 2020 581 copia

233 608 381 638 procusa
405 604 466 632 est,
490 603 526 627 ut
548 597 692 637 integris
716 597 934 627 bibliothecis
963 596 1148 626 suffectura
1175 595 1281 625 fuisse
1300 595 1466 625 videatur.
1511 595 1638 624 Narrat
1660 594 1874 635 Plutarchus,
1897 595 2016 627 Praec.

234 662 307 692 ger.
331 651 475 691 reipubl.
504 652 550 689 15,
575 651 592 681 7
619 655 664 690 (p.
688 651 749 681 990
773 657 859 681 extr.
883 650 1031 688 Duebn.)
1067 649 1290 688 Theagenem
1323 648 1496 684 Thasium,
1532 649 1573 678 ol.
1600 649 1638 679 76
1662 648 1715 688 (=
1742 649 1816 687 476)
1842 649 2020 685 victorem,

234 706 415 745 quondam,
448 710 485 735 ut
516 705 677 739 assoleat,
711 705 936 734 intervenisse
967 713 1043 734 cum
1076 703 1173 733 heroi
1203 703 1338 733 cuidam
1366 711 1465 732 sacra
1496 702 1655 732 funebria
1687 712 1820 732 summo
1852 709 2022 742 apparatu

234 760 499 790 celebrarentur.
544 759 626 794 Iam,
662 759 696 788 id
727 759 820 798 quod
850 768 925 788 mos
956 757 1148 797 postularit.
1184 757 1352 794 omnibus,
1388 756 1445 795 qui
1469 757 1514 786 ad
1547 756 1713 786 solemnia
1748 757 2021 787 concelebranda

233 813 482 852 convenissent⁷
500 823 605 844 cenae
630 813 781 843 funebris
805 812 958 851 singulas
982 811 1124 851 singulis
1149 810 1337 850 portiones,
1360 821 1428 840 una
1451 820 1526 840 cum
1551 811 1686 841 coronis
1709 820 1883 841 sacrorum
1899 820 2022 841 caussa

235 867 338 907 capiti
374 867 599 907 imponendis,
636 867 814 906 adpositas
848 876 933 896 esse.
979 865 1066 896 Tum
1100 871 1244 904 repente
1268 865 1491 904 Theagenem
1526 865 1691 895 Thasium
1728 864 1851 894 virium
1884 874 2022 894 suarum

234 921 359 952 fiducia
383 928 628 955 contumacem,
654 921 818 950 exiluisse
849 925 883 950 et
905 930 1023 950 omnes
1047 920 1124 949 illos
1146 919 1311 958 hospites,
1343 924 1380 948 ut
1409 929 1523 949 secum
1555 918 1720 958 singulari
1746 919 1890 958 quisque
1913 925 2021 949 certa-

235 976 326 1006 mine
352 977 394 1006 de
419 986 525 1006 cenae
551 976 707 1015 portione
730 980 763 1005 et
786 984 914 1004 corona
931 974 1142 1009 dimicarent,
1167 982 1388 1012 provocasse.
1423 973 1561 1002 Nullum
1586 973 1619 1002 in
1635 978 1685 1002 tot
1697 973 1891 1003 'nominibus
1906 972 2022 1010 fuisse,

235 1030 319 1070 quin
344 1030 484 1060 inferior
509 1036 541 1059 et
566 1029 674 1059 victus
699 1040 716 1059 e
740 1038 857 1068 pugna
880 1028 1085 1059 discesserit.
1130 1028 1232 1058 Hunc
1256 1027 1288 1057 in
1313 1028 1453 1057 modum
1476 1027 1569 1056 illum
1587 1027 1853 1066 pancratiastica
1869 1037 1931 1057 sua
1947 1033 2020 1057 arte

235 1085 326 1115 mille
354 1090 387 1114 et
411 1085 576 1114 ducentas
602 1093 748 1114 coronas
777 1082 976 1122 collegisse:
1011 1083 1224 1121 προτεθείσης
1258 1082 1357 1112 ἅπασι
1386 1084 1444 1120 τῆς
1479 1082 1615 1121 μερίδος,
1646 1081 1866 1119 ἀναπηδήσας,
1896 1084 2022 1118 διεπαγ-

234 1139 415 1177 κρατίασεν,
450 1139 495 1176 ὡς
532 1138 650 1169 οὐδένα
673 1140 763 1177 νικᾷν
786 1138 861 1168 δέον
885 1137 984 1169 αὐτοῦ
1008 1137 1185 1175 παρόντος·
1210 1136 1286 1167 ὅθεν
1313 1136 1445 1174 ἤθροισε
1468 1137 1589 1174 χιλίους
1619 1136 1670 1166 καὶ
1693 1136 1877 1173 διακοσίους
1904 1135 2023 1174 στεφά-

235 1202 322 1230 νους.
368 1193 422 1222 De
445 1192 496 1221 his
528 1191 662 1222 coronis
691 1191 913 1230 contemptim
942 1201 1025 1220 sane
1056 1197 1092 1220 ut
1120 1191 1352 1230 philosophus
1375 1190 1580 1220 Plutarchus
1608 1190 1750 1220 iudicat:
1788 1190 1833 1221 ὧν
1860 1190 2024 1228 συρφετὸν

236 1247 274 1278 ἄν
300 1257 345 1283 τις
372 1247 527 1284 ἡγήσαιτο
551 1247 626 1283 τοὺς
650 1246 832 1283 πλείστους.
876 1245 1077 1275 Pausanias.
1102 1246 1149 1275 uti
1174 1246 1273 1278 solet,
1305 1250 1435 1274 tantam
1460 1245 1620 1275 virtutem
1645 1245 1819 1274 admirans
1844 1245 1948 1283 longe
1972 1254 2023 1274 re-

236 1301 409 1331 verentius
434 1300 490 1336 VI.
521 1302 565 1335 11,
592 1300 624 1330 6:
648 1301 724 1337 τοὺς
748 1301 783 1331 δὲ
807 1300 998 1337 σύμπαντας
1020 1299 1207 1338 στεφάνους
1232 1299 1459 1337 τετρακοσίους
1481 1309 1515 1329 τε
1539 1299 1612 1337 ἔσχε
1638 1300 1688 1329 καὶ
1710 1299 1839 1337 χιλίους.

339 1406 384 1436 16.
411 1404 639 1435 Callimachus
667 1415 733 1434 uno
760 1405 875 1444 operis
897 1405 968 1443 περὶ
992 1404 1125 1441 ἀγώνων
1150 1403 1262 1442 capite
1291 1405 1334 1433 de
1358 1403 1563 1433 athletarum
1594 1403 1777 1442 apotheosi
1800 1409 1922 1442 egerat

419 1469 564 1498 eamque
591 1458 758 1497 exemplis
784 1458 952 1488 enarratis
974 1458 1168 1488 illustrarat.
1217 1458 1321 1495 Idem7
1345 1458 1406 1487 sed
1430 1458 1555 1487 acerba
1577 1467 1653 1487 cum
1674 1457 1830 1487 irrisione

576 1511 655 1542 fecit
680 1512 877 1542 Oenomaus
902 1511 1115 1543 Gadarensis
1140 1513 1233 1552 apud
1256 1511 1381 1542 Euseb.
1406 1511 1459 1542 Pr.
1482 1511 1543 1542 Ev.
1567 1511 1608 1549 V,
1632 1512 1680 1542 34.

383 1590 460 1619 Fuit
484 1589 588 1627 igitur
611 1589 696 1619 haec
721 1588 926 1628 scriptorum
956 1588 1028 1626 περὶ
1051 1587 1186 1624 ἀγώνων
1212 1588 1438 1626 consuetudo⁷
1468 1593 1504 1617 ut
1528 1587 1649 1617 similia
1674 1587 1888 1617 diversorum
1912 1586 2019 1616 athle-

235 1650 346 1674 tarum
373 1643 464 1673 facta
487 1649 521 1673 et
545 1642 617 1672 fata
640 1643 843 1673 coniunctim
873 1643 904 1672 in
928 1653 994 1672 uno
1019 1652 1149 1681 genere
1173 1642 1344 1672 collocata
1369 1647 1578 1672 enarrarent.
1624 1641 1735 1681 Quam
1764 1651 1835 1671 rem
1859 1641 1886 1671 si
1911 1641 2020 1671 consi-

236 1698 404 1729 deremus,
429 1707 555 1733 magna
579 1697 826 1736 probabilitate
850 1697 1015 1736 colligere
1038 1696 1163 1727 licebit.
1196 1696 1527 1735 praestantissimam
1557 1705 1694 1735 quoque
1720 1695 1812 1724 illam
1842 1695 1934 1734 apud
1953 1694 2020 1724 Pli-

234 1752 324 1782 nium
342 1762 372 1781 ιι.
390 1752 421 1781 h.
439 1751 513 1781 VM.
539 1756 566 1789 ᾗ.
588 1752 644 1782 152
670 1751 868 1781 Callimachi
890 1751 1122 1780 narrationem
1145 1751 1415 1789 haudquaquam
1440 1760 1595 1779 seorsum
1626 1749 1786 1779 traditam
1819 1748 1935 1788 fuisset
1958 1749 2020 1778 sed

223 1806 269 1835 .in
296 1806 453 1836 similium
478 1807 717 1845 exemplorum
751 1806 862 1836 classe
886 1806 1035 1844 quadam
1063 1805 1177 1835 locum
1205 1804 1402 1834 obtinuisse.
1447 1803 1535 1834 Huic
1565 1813 1648 1834 vero
1679 1803 1780 1833 classi
1813 1803 1839 1833 si
1863 1812 2020 1842 quaeras,

236 1861 329 1900 quod
354 1870 534 1890 commune
558 1860 691 1899 signum
716 1860 827 1892 fuerit.
852 1869 1055 1899 responsum
1079 1858 1237 1899 profecto
1254 1858 1286 1888 in
1305 1863 1426 1897 aperto
1443 1863 1508 1888 est:
1534 1858 1763 1888 Callimachus
1785 1857 1817 1887 in
1833 1857 1890 1886 illa
1905 1857 2020 1896 operis

237 1915 289 1944 sui
313 1920 413 1953 parte
438 1924 555 1945 eorum
580 1915 794 1951 athletarum,
818 1914 941 1953 quibus
958 1914 1061 1943 divini
1079 1914 1134 1944 vel
1158 1912 1288 1943 heroici
1310 1913 1460 1942 honores
1483 1911 1611 1942 oraculi
1634 1912 1727 1942 iussu
1744 1911 1873 1942 decreti
1895 1917 2018 1945 essent,

238 1969 383 1999 indicem
409 1969 555 2008 aliquem
591 1973 830 2007 proposuerat.
875 1968 1022 1998 Accedit
1057 1968 1101 1997 ad
1136 1968 1227 1997 hanc
1261 1967 1490 1997 coniecturam
1521 1965 1733 1999 firmandam,
1767 1966 1861 2005 quod
1895 1965 1927 1994 in
1960 1965 2019 1994 illo

237 2023 437 2054 Callimachi
460 2023 535 2054 loco
559 2022 721 2062 Euthymi
744 2032 820 2052 sors
844 2023 888 2052 ab
911 2022 1052 2052 aliorum
1079 2022 1297 2055 athletarum,
1327 2021 1450 2060 quibus
1477 2020 1584 2050 simile
1610 2020 1693 2060 quid
1717 2019 1891 2059 obtigerit,
1927 2024 2020 2048 sorte

237 2078 317 2107 data
341 2087 449 2116 opera
479 2076 709 2116 distinguitur.
754 2076 916 2116 Euthymi
951 2076 1152 2115 apotheosis
1184 2076 1238 2105 vel
1277 2075 1453 2113 ἀφηρώιξις
1482 2084 1522 2105 ea
1546 2085 1583 2104 re
1613 2073 1795 2114 singularis
1827 2079 1893 2107 est,
1927 2073 2020 2112 quod

236 2131 363 2161 viventi
389 2131 576 2161 etiamtunc
600 2130 828 2170 sentientique
855 2130 976 2160 evenit.
1021 2130 1098 2160 Hoc
1126 2130 1309 2159 discrimen
1339 2129 1386 2159 ita
1419 2130 1555 2159 demum
1585 2134 1678 2159 recte
1707 2127 1870 2157 illustrari
1898 2127 2018 2167 potuit,

238 2185 265 2215 si
290 2185 432 2215 aliorum
471 2195 608 2224 quoque
641 2186 846 2215 athletarum
878 2185 1048 2224 exempla.
1083 2184 1139 2224 qui
1162 2194 1229 2214 non
1252 2184 1332 2221 vivi,
1366 2184 1427 2214 sed
1460 2188 1540 2222 post
1570 2182 1641 2212 fata
1675 2183 1811 2212 demum
1843 2181 2019 2212 terrestria

238 2246 363 2270 exacta
388 2239 580 2269 consecrati
608 2245 733 2269 essent.
760 2239 790 2268 in
814 2239 1107 2278 comparationem
1135 2239 1178 2268 ab
1203 2243 1344 2268 auctore
1362 2243 1487 2268 vocata
1510 2247 1587 2267 esse
1611 2242 1809 2267 statuamus.
1853 2235 1917 2265 His
1940 2245 2018 2266 con-

238 2293 398 2323 sideratis
422 2293 558 2323 minime
579 2294 646 2323 iam
671 2294 786 2323 audax
810 2293 992 2327 videbitur,
1021 2293 1048 2322 si
1078 2298 1279 2325 statuamus
1310 2291 1555 2322 Callimachum
1583 2291 1616 2320 in
1645 2290 1760 2329 operis
1785 2291 1856 2328 περὶ
1884 2290 2018 2326 ἀγώνων

236 2357 304 2377 uno
330 2348 444 2387 aliquo
468 2348 582 2387 capite
607 2348 649 2378 de
667 2348 917 2377 athletarum
942 2347 1165 2386 apotheosi
1191 2346 1316 2385 egisse,
1341 2355 1488 2384 eamque
1504 2345 1633 2384 aliquot
1647 2343 1816 2383 exemplis
1831 2343 2019 2373 illustribus

237 2402 405 2432 enarratis
428 2408 647 2442 persecutum
672 2412 756 2432 esse.
