2236 2979
1080 276 1136 307 XI

264 391 292 420 9.
326 389 440 423 Error,
464 397 564 427 quem
589 387 716 417 erravit
739 385 938 422 Pausanias,
963 384 1132 416 Gelonem
1154 395 1218 425 pro
1242 386 1379 425 privato
1401 387 1544 422 habens,
1568 388 1773 417 documento
1799 394 1860 428 est,
1885 399 1963 419 eum

611 440 772 471 Hieronis
793 449 917 470 nomen
940 439 1029 469 inter
1053 450 1082 470 a.
1106 440 1166 470 488
1193 439 1344 470 victores
1366 450 1434 470 non
1458 441 1595 480 legisse.

372 525 439 555 Hic
462 535 545 555 sane
568 525 790 555 certaminum
814 524 898 554 ordo
911 533 979 553 non
994 533 1152 562 prorsum
1175 523 1208 553 in
1232 524 1390 554 omnibus
1406 526 1508 555 rebus
1525 526 1682 565 congruit
1706 535 1782 556 cum
1806 536 1847 556 eo
1872 527 2005 561 ordine,

225 579 283 618 qui
302 579 463 609 Hieronis
487 585 520 609 et
543 578 686 609 Gelonis
709 583 824 608 aetate
846 578 880 607 in
902 588 966 607 usu
989 577 1060 613 fuit,
1082 577 1162 617 quia
1182 578 1345 607 nonnulla
1368 579 1564 615 certamina,
1595 589 1684 619 quae
1705 580 1786 610 olim
1809 580 2003 620 viguerunt,

226 634 320 663 velut
341 633 510 663 mulorum
534 638 568 663 et
589 642 754 672 equarum
775 631 977 662 feminarum
1001 641 1119 662 cursus
1143 631 1262 669 (ἀπήνη
1286 637 1321 661 et
1343 631 1456 670 κάλπη,
1479 632 1580 663 Paus.
1604 633 1645 672 V,
1666 634 1695 673 9,
1714 635 1753 673 1),
1776 639 1900 673 postea
1923 634 2004 664 abo-

228 687 289 717 lita
311 693 399 722 sunt,
422 687 620 726 pariterque
635 696 727 716 nova
750 686 921 725 quaedam
936 695 1067 725 genera
1090 691 1192 716 antea
1215 686 1365 716 nondum
1389 686 1525 722 usitata,
1549 689 1758 726 procedente
1782 695 1937 727 tempore
1959 688 2006 718 in-

226 741 387 770 troducta
424 746 511 777 sunt,
548 741 641 770 velut
677 749 861 779 puerorum
898 739 1101 778 pancration
1137 739 1179 770 01.
1216 740 1274 770 145
1311 740 1363 778 (=
1395 740 1455 770 200
1490 750 1519 771 a.
1553 740 1657 780 Chr),
1703 742 1790 772 conf.
1826 742 1925 773 Paus.
1963 741 2005 782 V,

225 795 253 830 8,
278 795 334 831 113
358 795 482 825 deinde
505 794 618 824 omnia
640 794 811 833 pullorum
840 793 1040 832 equinorum
1068 792 1264 832 certamina,
1298 803 1387 832 quae
1409 794 1488 824 inde
1511 795 1555 824 ab
1579 795 1777 834 olympiade
1800 796 1839 826 99
1862 798 1913 833 (=
1932 797 2007 834 384)

226 848 363 879 demum
388 847 571 888 Olympiae
601 852 741 886 recepta
777 853 864 882 sunt,
897 847 998 876 Paus.
1022 847 1063 881 V,
1087 848 1115 886 8,
1145 848 1191 877 10.
1249 847 1381 877 Tamen
1413 857 1578 887 equorum
1605 849 1799 879 adultorum
1837 849 2007 889 quadriga

225 908 259 932 et
282 903 383 941 celes,
416 911 504 941 quae
531 911 663 941 genera
690 901 778 931 inter
801 900 1034 930 vetustissima
1057 901 1244 930 certamina
1279 906 1313 931 et
1348 902 1440 931 haud
1473 902 1578 941 longe
1614 902 1717 932 etiam
1750 904 1893 933 alterum
1927 909 2007 942 post

227 956 372 985 alterum
395 956 549 985 instituta
576 960 663 995 sunt,
698 955 868 994 quadriga
897 955 938 984 ol.
962 955 1001 984 25
1025 954 1077 993 (=
1095 955 1178 993 680),
1213 955 1304 985 celes
1338 956 1380 986 01.
1403 956 1443 986 33
1471 957 1523 994 (Ξ
1542 957 1624 994 648),
1659 957 1769 987 locum
1800 967 1936 996 semper
1959 957 2008 986 vi-

226 1009 336 1039 cinum
359 1009 392 1038 in
415 1009 618 1048 anagrapha
641 1008 945 1048 olympionicarum
968 1009 1088 1046 procul
1112 1009 1216 1038 dubio
1231 1009 1459 1040 obtinuerunt.
1494 1009 1547 1039 Ex
1570 1010 1624 1040 his
1646 1011 1714 1040 iam
1728 1011 1809 1050 quid
1833 1018 2006 1050 sequatur,

225 1062 441 1093 manifestum
465 1069 525 1093 est.
570 1062 606 1093 Si
629 1072 752 1093 revera
776 1068 809 1092 et
833 1061 945 1092 Gelon
976 1069 1009 1092 et
1032 1062 1173 1097 Hieron,
1203 1064 1294 1102 quod
1322 1064 1478 1102 plerique
1505 1069 1668 1099 statuunt,
1700 1065 1733 1094 in
1758 1066 1879 1095 eadem
1901 1074 2004 1104 pane-

224 1116 302 1156 gyri
325 1116 506 1156 Olympica
535 1117 578 1146 ol.
603 1117 642 1147 73
665 1119 716 1152 (=
733 1117 807 1152 488)
837 1116 1000 1151 vicerunt,
1034 1115 1107 1146 fieri
1138 1126 1206 1146 non
1239 1117 1361 1155 potuit,
1393 1117 1471 1156 quin
1503 1117 1536 1146 in
1572 1119 1776 1158 anagrapha
1804 1118 2007 1158 olympioni-

225 1180 340 1200 carum
362 1171 448 1200 haec
470 1171 607 1200 nomina
629 1171 776 1200 alterurn
798 1171 894 1199 iuxta
917 1171 1062 1200 alterurn
1079 1171 1391 1209 perscriberentur;
1415 1182 1493 1201 narn
1511 1171 1672 1202 Hieronis
1688 1178 1724 1202 ut
1741 1173 1850 1203 celete
1866 1173 2006 1203 victoris

225 1234 349 1254 nomen
370 1224 403 1254 in
425 1225 584 1263 proximo
608 1230 688 1264 post
712 1223 854 1254 Gelonis
879 1234 978 1254 curru
1002 1225 1142 1254 victoris
1165 1235 1290 1255 nomen
1315 1236 1417 1256 versu
1440 1227 1677 1256 collocandum
1703 1232 1785 1258 erat.

374 1277 444 1309 Sed
466 1279 532 1308 hoc
555 1279 743 1317 paullisper
766 1288 941 1314 concesso,
964 1279 1046 1318 quid
1070 1289 1200 1318 quaeso
1225 1279 1419 1310 Pausaniae
1448 1279 1526 1310 fiet?
1571 1281 1659 1310 Num
1692 1291 1821 1320 quaeso
1845 1281 2009 1311 credibile

225 1337 287 1368 est,
312 1342 398 1367 eum,
423 1333 450 1362 si
473 1333 505 1362 in
529 1342 590 1362 suo
614 1333 837 1372 anagraphae
860 1333 1060 1372 exemplari,
1084 1333 1116 1362 in
1139 1333 1299 1372 proximo
1329 1341 1410 1373 post
1433 1333 1573 1364 Gelonis
1604 1335 1784 1365 victoriam
1806 1345 1919 1370 versu,
1954 1336 2010 1366 vel

224 1388 326 1427 plane
358 1387 461 1417 etiam
483 1387 589 1426 iuxta,
618 1387 780 1418 Hieronis
808 1387 986 1417 victoriam
1019 1387 1195 1417 celeticam
1230 1388 1458 1427 perscriptam
1486 1388 1684 1423 invenisset,
1716 1395 1787 1419 tam
1821 1389 1950 1419 fatuum
1975 1395 2010 1420 et

224 1441 370 1471 bardum
392 1440 543 1471 futurum
566 1439 682 1477 fuisse,
710 1447 747 1470 ut
771 1440 999 1471 coniecturam
1017 1441 1110 1471 illam
1129 1442 1171 1471 de
1188 1440 1320 1471 Gelone
1336 1442 1473 1481 privato
1491 1452 1604 1472 rerum
1622 1443 1830 1482 equestrium
1855 1444 2008 1473 studioso

226 1495 259 1524 in
282 1495 431 1525 medium
455 1494 645 1534 proferret?
668 1495 757 1525 Nam
771 1494 930 1534 profecto
955 1496 999 1525 ad
1024 1500 1200 1525 extremos
1223 1495 1290 1524 iam
1314 1494 1399 1525 fines
1417 1495 1488 1525 eius
1501 1495 1672 1530 licentiae,
1696 1506 1798 1535 quam
1814 1497 2008 1527 coniectan-

225 1548 317 1578 tibus
334 1549 564 1582 concedimus,
584 1558 792 1589 progressus
815 1554 868 1579 est
891 1550 1000 1579 bonus
1016 1548 1217 1584 Pausanias,
1241 1559 1317 1579 cum
1328 1547 1438 1585 finxit,
1463 1548 1571 1579 Gelae
1592 1549 1698 1580 fuisse
1712 1549 1854 1580 Gelonis
1872 1551 2009 1590 tyranni

226 1603 471 1642 homonymum
499 1608 533 1632 et
560 1603 668 1641 patris
699 1603 770 1633 eius
794 1602 997 1633 Dinomenis
1020 1602 1250 1633 Dinomenem
1273 1603 1527 1643 homonymum.
1571 1603 1670 1643 Quid,
1707 1605 1733 1634 si
1764 1605 1884 1635 tertius
1906 1605 2009 1635 etiam

226 1656 270 1686 ad
293 1655 471 1686 mirificam
492 1656 580 1686 hanc
604 1657 775 1693 familiam,
806 1656 912 1686 frater
935 1657 1052 1694 Hiero,
1085 1657 1221 1697 tyranni
1244 1657 1407 1687 Hieronis
1440 1658 1682 1697 homonymus,
1719 1659 1870 1689 eiusdem
1901 1658 2009 1689 Dino-

227 1710 335 1740 menis
356 1709 453 1745 filius,
477 1710 702 1740 accessisset?
745 1710 835 1740 Num
858 1710 1008 1742 fortasse
1032 1712 1154 1742 eadem
1177 1711 1348 1741 cantilena
1364 1711 1556 1742 Pausanias
1578 1722 1701 1742 usurus
1726 1718 1760 1742 et
1783 1714 2009 1743 obtrudentes

227 1773 304 1794 sese
326 1764 504 1803 scrupulos
526 1773 748 1803 repressurus
771 1770 858 1794 erat:
895 1764 996 1796 Paus.
1020 1764 1079 1800 VI,
1105 1766 1133 1800 9,
1157 1766 1189 1796 5:
1227 1765 1309 1796 ἀλλὰ
1332 1790 1337 1795 .
1363 1790 1368 1795 .
1394 1790 1399 1796 .
1425 1765 1551 1803 ἰδιώτης
1581 1766 1630 1804 εἴη
1661 1766 1699 1797 ἄν
1722 1777 1769 1805 τις
1794 1791 1800 1797 .
1825 1793 1830 1798 .
1857 1792 1863 1797 .
1886 1768 2009 1806 πατρός

226 1828 260 1850 τε
284 1818 454 1856 ὁμωνύμου
481 1845 487 1849 ,
512 1843 517 1848 .
539 1844 544 1849 .
569 1819 619 1849 καὶ
642 1818 740 1856 αὐτὸς
763 1818 956 1857 ὁμώνυμος.)
995 1819 1073 1849 Non
1097 1820 1200 1850 credo
1223 1829 1431 1859 quemquam
1455 1819 1616 1859 futurum,
1637 1820 1696 1860 qui
1716 1831 1793 1851 eum
1816 1821 1850 1851 in
1872 1822 2011 1851 modum

228 1872 292 1902 sibi
314 1872 522 1902 Pausaniam
544 1872 709 1903 insulsum
733 1878 768 1903 et
791 1873 882 1903 omni
906 1883 989 1903 sana
1010 1878 1124 1904 mente
1148 1874 1307 1904 orbatum
1321 1873 1440 1913 fingat,
1462 1879 1499 1904 ut
1521 1874 1578 1904 ille
1595 1874 1684 1905 lecto
1697 1874 1857 1905 Hieronis
1873 1876 2010 1906 nomine

227 1927 261 1956 in
281 1926 442 1966 proximo
467 1932 548 1966 post
571 1926 741 1957 Gelonem
762 1937 865 1958 versu
888 1937 957 1957 non
988 1927 1102 1958 statim
1131 1927 1398 1958 infelicissimam
1431 1928 1523 1958 illam
1553 1928 1785 1959 coniecturam
1814 1929 2013 1960 abiecturus

228 1985 263 2011 et
284 1981 318 2010 in
341 1987 515 2011 extremas
543 1986 654 2011 terras
681 1981 899 2021 relegaturus
931 1980 1042 2012 fuerit.
1087 1982 1209 2021 Itaque
1240 1992 1283 2012 ne
1310 1982 1397 2012 tanti
1423 1982 1574 2022 stuporis
1597 1982 1805 2027 Pausaniam
1838 1993 1935 2014 reum
1963 1983 2010 2013 fa-

229 2035 367 2070 ciamus,
389 2035 457 2065 hoc
478 2034 636 2074 profecto
656 2045 721 2075 pro
738 2041 834 2066 certo
853 2037 1073 2066 statuendum
1090 2036 1168 2067 erit:
1196 2036 1403 2066 Pausaniam
1426 2036 1460 2066 in
1482 2046 1544 2066 suo
1570 2037 1792 2076 anagraphae
1809 2036 2013 2078 Olympicae

229 2088 419 2128 exemplari
440 2094 522 2128 post
544 2087 687 2119 Gelonis
710 2089 888 2119 victoriam
912 2089 1072 2120 Hieronis
1102 2090 1229 2120 nullam
1251 2090 1431 2120 victoriam
1457 2090 1580 2120 litteris
1608 2091 1846 2130 consignatam
1874 2091 2012 2122 vidisse.

228 2142 274 2172 Et
294 2152 382 2172 nunc
404 2142 472 2172 iam
494 2143 684 2173 luculenter
707 2149 864 2182 apparet,
886 2153 988 2183 quarn
1011 2143 1103 2174 utilis
1127 2144 1184 2174 ille
1206 2143 1400 2174 Pausaniae
1425 2153 1528 2182 error,
1561 2153 1663 2184 quem
1687 2154 1805 2175 omnes
1829 2145 2012 2184 castigant,

228 2197 329 2227 nobis
352 2197 403 2232 sit,
429 2207 599 2236 quemque
622 2198 702 2227 inde
721 2197 867 2228 fructum
888 2198 1077 2238 capiamus:
1103 2203 1239 2228 constat
1265 2198 1440 2228 Pausania
1463 2203 1565 2238 teste,
1588 2198 1786 2238 olympiade
1811 2199 1849 2229 73
1872 2198 1924 2238 (=
1936 2199 2012 2236 488)

226 2250 388 2281 Hieronis
410 2251 537 2280 nullam
558 2251 739 2282 victoriam
761 2251 794 2282 in
815 2251 914 2282 fastis
937 2251 1127 2292 Olympicis
1150 2251 1314 2282 traditam
1337 2251 1455 2282 fuisse.
