2236 2979
675 809 991 862 RECTOR
1035 810 1136 862 ET
1175 811 1533 865 SENATVS

401 932 792 970 VNIVERslTATis
817 931 1143 969 FRIDERICIAE
1174 933 1493 971 GVILELMIAE
1516 934 1800 971 RHENANAE

1015 1036 1130 1075 GIVIB
1136 1037 1185 1074 VS

1083 1145 1118 1183 S.

302 1268 326 1297 1.
371 1266 461 1306 Quid
486 1266 595 1306 possit
618 1266 756 1296 diversa
779 1266 881 1296 etiam
903 1266 1042 1306 ingenia
1064 1266 1098 1296 in
1120 1267 1304 1297 amicitiam
1327 1267 1518 1299 conciliare.
1564 1268 1709 1300 Χαλεπὸν
1732 1269 1768 1299 τὸ
1792 1269 1899 1301 καλόν.

356 1346 480 1376 Mirum
503 1345 612 1377 videri
637 1347 747 1386 possit
780 1352 814 1377 et
835 1347 1064 1386 paradoxum,
1100 1346 1127 1375 si
1160 1346 1235 1385 quis
1268 1347 1311 1376 de
1333 1347 1469 1377 Pindari
1496 1352 1621 1386 poetae
1649 1355 1683 1378 et
1708 1347 1868 1378 Hieronis
1896 1349 1991 1389 regis

210 1410 293 1431 vera
316 1401 465 1440 quadam
489 1406 523 1430 et
547 1400 680 1431 sincera
702 1400 852 1431 amicitia
866 1401 1036 1440 loquatur.
1061 1399 1151 1439 Quid
1174 1400 1240 1430 illis
1265 1400 1346 1431 viris
1369 1401 1538 1432 diversius
1561 1401 1708 1441 cogitari
1730 1404 1868 1441 potest?
1890 1403 1991 1434 Alter

209 1454 330 1485 ferreis
352 1454 496 1485 vinculis
522 1455 611 1485 curis
633 1455 855 1485 terrestribus
879 1461 912 1485 et
935 1455 1184 1485 dominationis
1206 1456 1407 1487 retinendae
1431 1456 1552 1486 studiis
1575 1456 1752 1497 alligatus;
1775 1458 1862 1488 alter
1884 1458 1917 1488 in
1939 1458 1992 1489 his

210 1509 312 1538 rebus
334 1509 490 1538 humanis
513 1509 651 1547 hospes,
677 1509 722 1538 ad
744 1509 877 1539 caelum
900 1518 1037 1548 semper
1062 1514 1096 1538 et
1113 1508 1206 1538 astra
1224 1509 1343 1538 oculos
1366 1509 1513 1548 erigens.
1550 1509 1690 1545 Tamen,
1714 1509 1872 1540 mirabile
1890 1511 1994 1545 dictu,

209 1563 295 1593 haec
317 1563 464 1593 amicitia
486 1572 555 1593 non
589 1563 622 1592 in
654 1563 800 1593 dulcium
828 1562 1022 1592 fabularum
1054 1572 1230 1593 numerum
1265 1563 1454 1603 releganda
1487 1570 1548 1594 est.
1593 1564 1732 1594 Pindari
1764 1570 1927 1604 quattuor
1961 1565 1995 1595 in

208 1616 397 1647 Hieronem
420 1617 579 1652 earmina,
603 1617 720 1656 poesis
738 1617 867 1657 lyricae
891 1626 996 1647 verae
1019 1617 1239 1656 margaritae,
1270 1627 1339 1647 non
1360 1617 1450 1647 inani
1473 1619 1658 1647 verborum
1681 1618 1816 1654 tinnitu,
1846 1628 1914 1649 non
1937 1618 1993 1649 fri-

207 1670 291 1710 gido
315 1670 546 1710 affectatoque
581 1672 765 1710 splendore
789 1671 919 1704 fallunt,
956 1672 1017 1702 sed
1041 1671 1127 1702 sicut
1155 1671 1188 1701 in
1215 1671 1381 1708 omnibus,
1415 1671 1463 1701 ita
1483 1672 1516 1701 in
1551 1671 1603 1701 his
1627 1681 1764 1711 quoque
1788 1672 1935 1703 Helicon
1957 1680 1991 1704 et

209 1723 399 1764 Aganippe.
437 1725 470 1754 in
508 1724 614 1763 ipsius
646 1731 771 1764 poetae
806 1731 945 1764 pectore
975 1725 1142 1755 habitant.
1187 1723 1368 1763 Quomodo
1402 1726 1468 1754 hoc
1502 1725 1661 1764 aenigma
1698 1726 1900 1756 solvendum
1936 1727 1993 1763 sit,

209 1779 364 1818 quaeris?
400 1778 484 1808 Erat
513 1779 545 1808 in
567 1779 720 1809 Hierone
747 1780 876 1818 duplex
905 1779 1097 1818 ingenium.
1142 1778 1263 1808 Innata
1294 1779 1324 1809 ei
1346 1778 1420 1809 viro
1443 1779 1536 1809 haud
1566 1779 1668 1809 dubie
1691 1778 1822 1810 ferocia
1844 1785 1878 1810 et
1905 1780 1995 1810 inso-

209 1832 314 1862 lentia
340 1833 473 1863 mitiore
501 1833 651 1872 quodam
687 1833 816 1872 spiritu,
852 1840 1014 1871 tanquam
1051 1833 1165 1871 aliquo
1188 1832 1352 1871 Favonio,
1387 1834 1654 1872 temperabatur.
1699 1833 1814 1864 Inerat
1852 1834 1885 1863 in
1917 1834 1989 1865 eius

209 1892 350 1925 pectore
375 1886 505 1917 altioris
528 1886 745 1926 puriorisque
769 1886 957 1926 sapientiae
988 1887 1113 1917 ardens
1138 1887 1359 1922 desiderium,
1390 1893 1427 1917 ut
1454 1887 1625 1917 interdum
1652 1887 1685 1917 iu
1712 1887 1832 1918 mediis
1859 1888 1986 1919 divitiis

209 1949 342 1980 pauper
366 1941 440 1980 sibi,
463 1941 495 1971 in
520 1941 759 1980 copiosissimo
790 1941 968 1980 potentiae
995 1947 1166 1980 apparatu
1199 1942 1302 1971 miser
1328 1942 1510 1972 videretur.
1557 1940 1837 1972 Celebratissima
1863 1950 1915 1973 est
1938 1943 1986 1973 hi—

209 1994 316 2024 storia
349 1996 392 2025 de
412 1995 574 2026 Hieronis
601 2005 678 2025 cum
701 1995 875 2027 Simonide
906 2001 1012 2034 poeta
1043 1995 1215 2035 colloquio
1246 1995 1392 2035 (Cicero,
1424 1996 1467 2025 de
1492 1995 1587 2026 deor.
1611 2002 1678 2026 nat.
1702 1995 1728 2034 Ι,
1752 1997 1801 2036 22,
1825 1997 1889 2034 60),
1921 2006 1990 2036 quo

208 2057 328 2087 regern
350 2048 406 2079 ille
429 2049 472 2079 de
493 2054 617 2079 natura
637 2049 783 2079 numinis
806 2049 910 2078 divini
932 2048 1066 2080 curiose
1089 2049 1330 2085 sciscitantem,
1354 2050 1587 2088 compluribus
1611 2050 1731 2080 diebus
1755 2051 1801 2080 ad
1824 2051 1981 2081 conside—

209 2103 352 2132 randum
375 2103 565 2142 iterumque
597 2102 885 2133 considerandum
911 2103 1105 2142 postulatis,
1139 2104 1279 2134 tandem
1312 2104 1378 2134 hoc
1406 2113 1574 2143 responso
1605 2104 1706 2133 elusit
1728 2104 1847 2144 magis,
1883 2114 1986 2144 quam

210 2156 359 2186 edocuit:
386 2155 518 2196 Quanto
540 2155 675 2186 diutins
697 2155 879 2191 considero,
907 2158 1003 2186 faulo
1030 2156 1121 2188 mz‘lzz'
1142 2167 1194 2187 res
1222 2157 1354 2188 videtur
1384 2157 1562 2187 obscurior.
1607 2156 1743 2196 Quanto
1771 2158 1988 2197 generosius,

209 2216 337 2250 quanto
360 2210 532 2250 pulchrius
555 2211 734 2251 Pindarus,
757 2212 815 2250 qui
836 2221 899 2250 per
914 2212 1027 2241 omnia
1044 2213 1195 2242 carmina
1218 2223 1280 2242 sua
1295 2222 1414 2252 regem
1430 2222 1498 2242 non
1514 2212 1648 2242 curiose
1672 2213 1714 2242 de
1739 2212 1790 2241 dis
1806 2222 1984 2250 quaerere,

211 2266 271 2295 sed
303 2265 358 2304 pie
383 2274 443 2295 eos
473 2265 588 2296 colere
621 2265 725 2296 iubet.
771 2264 861 2304 Quid
891 2265 1018 2304 igitur?
1051 2276 1164 2296 nonne
1191 2268 1276 2297 haec
1309 2272 1379 2297 tam
1406 2277 1493 2302 rara,
1521 2272 1592 2297 tam
1626 2267 1809 2305 singularis
1839 2267 1984 2296 duorum

209 2319 360 2349 virorum
384 2325 418 2349 et
439 2319 622 2358 plurimum
649 2320 737 2350 inter
763 2329 800 2350 se
825 2319 1100 2359 discrepantium,
1137 2327 1169 2351 et
1199 2321 1304 2350 nihilo
1332 2321 1439 2350 minus
1466 2320 1610 2351 invicem
1644 2330 1721 2350 sese
1745 2320 1981 2359 expetentium

209 2373 356 2404 amicitia
385 2373 597 2404 accuratiore
630 2374 778 2413 quadam
806 2374 1001 2414 cognitione
1030 2375 1137 2414 digna
1163 2375 1337 2405 videatur?
1373 2384 1453 2404 num
1488 2374 1598 2405 minus
1628 2375 1768 2414 cognitu
1803 2375 1908 2414 digna
1934 2375 1990 2409 sit,
