2236 2979
386 483 431 522 IN
469 483 692 522 AGADEMIA
726 482 945 521 CAMERALI
974 483 1029 521 ΕΤ
1060 481 1271 522 GEORGIGA
1300 483 1706 524 POPPELSDORFIANA

708 578 902 611 SCHOLAE
925 579 1214 610 HABEBVNTVR
1236 579 1377 611 HAECE

153 665 189 695 In
212 664 258 695 rei
285 664 432 704 agrariae
461 664 601 695 studium
624 664 803 696 introducet
829 665 920 696 initio
940 665 1110 696 lectionum
1137 664 1456 697 DVENKELBERG
1477 665 1531 696 Dr.
1556 665 1694 697 director
1716 669 1748 697 et
1770 665 1868 706 Regis
1890 666 1931 697 ab

235 719 357 750 intimis
380 719 413 749 in
437 718 717 749 administratione
741 718 894 750 consiliis.

155 773 350 805 Animalium
375 776 459 804 recte
482 772 755 813 producendorum
779 773 933 804 culturam
957 774 1138 813 generalem
1162 773 1210 803 bis
1231 783 1261 813 p.
1285 772 1314 803 h.
1339 771 1443 804 tradet
1465 771 1574 804 idem.

151 827 442 869 Eneyclopaediam
466 828 608 858 culturae
632 826 797 858 technicae
821 827 870 857 bis
894 837 924 867 p.
945 826 974 857 h.
998 827 1147 858 tractabit
1171 827 1278 858 idem.

152 882 412 915 Conversationis
437 885 467 913 et
484 881 649 912 seminarii
673 881 814 912 culturae
837 880 1053 912 technicorum
1076 882 1320 913 exercitationes
1340 881 1556 913 moderabitur
1578 880 1688 913 idem.

152 937 323 969 Seminarii
340 935 534 968 oeconomici
551 935 796 966 exercitationes
812 935 1062 966 moderabantur
1079 935 1397 967 DVENKELBERG
1413 943 1443 967 et
1459 935 1643 967 WERNER
1662 935 1716 966 Dr.
1733 935 1787 967 Dr.
1803 938 1834 967 et
1849 935 1930 976 prof.

152 990 419 1031 Agricolatiouem
441 989 508 1020 sive
533 989 713 1029 plantarum
738 988 893 1019 culturam
921 988 1091 1029 specialem
1115 993 1161 1020 ter
1183 989 1287 1021 tradet
1309 990 1492 1021 WERNER
1514 990 1568 1020 Dr.
1592 993 1623 1021 et
1645 989 1725 1030 prof.

151 1045 267 1077 Curam
290 1055 382 1076 suum
405 1044 554 1074 tractabit
577 1042 684 1074 idem.

150 1099 335 1131 Doctriuam
358 1108 505 1138 agrorum
530 1100 616 1128 recte
641 1096 911 1128 aestimandorum
934 1096 1061 1128 docebit
1083 1097 1132 1128 bis
1157 1107 1186 1137 p.
1206 1096 1236 1127 h.
1261 1097 1445 1129 DREISCH
1468 1098 1522 1129 Dr.

149 1153 327 1184 Herbarum
350 1150 554 1182 colendarum
577 1154 678 1181 artem
702 1151 914 1182 universalem
938 1151 988 1181 bis
1011 1161 1039 1191 p.
1063 1150 1092 1181 11.
1116 1151 1219 1182 tradet
1243 1151 1350 1182 idem.

149 1207 198 1238 De
221 1211 287 1237 arte
311 1206 408 1236 silvas
434 1204 559 1236 colendi
583 1208 614 1235 et
637 1204 746 1235 tuendi
770 1209 818 1236 ter
840 1215 870 1246 p.
894 1204 923 1235 h.
947 1209 1019 1245 aget
1043 1205 1265 1237 SPRENGEL
1289 1206 1335 1236 rei
1358 1205 1497 1237 silvestri
1521 1205 1711 1246 praefectus.

153 1261 200 1291 De
224 1261 388 1291 vinearum
414 1259 655 1300 plantarumque
679 1258 762 1290 horti
786 1259 909 1290 cultura
932 1259 1029 1291 semel
1053 1259 1186 1291 disseret
1213 1260 1453 1291 HERRMANN
1486 1261 1516 1291 in
1543 1264 1610 1292 arte
1633 1260 1795 1292 hortorum
1825 1261 1927 1292 colen-

236 1315 346 1346 dorum
370 1315 540 1354 inspector.

149 1370 197 1401 De
221 1376 302 1400 terra
326 1367 500 1400 excolenda
526 1368 573 1399 bis
597 1378 625 1408 p.
650 1367 679 1397 h.
704 1367 853 1398 tractabit
873 1368 981 1399 idem.

149 1423 313 1455 Chemiam
335 1423 517 1463 organicam
542 1423 587 1453 rei
610 1423 760 1462 agrariae
785 1422 1067 1462 experimentalcm
1090 1427 1200 1462 quater
1224 1432 1253 1463 p.
1276 1422 1305 1454 h.
1327 1423 1430 1454 tradet
1448 1422 1650 1454 FREYTAG
1673 1423 1727 1454 Dr.
1751 1427 1782 1455 et
1804 1423 1884 1464 prof.

148 1477 402 1509 Exercitationes
426 1476 569 1508 chemiae
594 1476 775 1516 analyticae
798 1476 831 1507 in
854 1476 1048 1507 laboratorio
1071 1476 1215 1508 instituet
1238 1476 1352 1508 idem.

150 1532 314 1564 Chemiam
338 1532 549 1571 agriculturae
573 1531 724 1562 tractabit
747 1530 970 1562 KREVSLER
994 1531 1046 1561 Dr.
1070 1535 1099 1562 et
1124 1531 1202 1571 prof.

149 1587 321 1618 Botanicen
345 1585 581 1617 oeconomicam
615 1586 861 1625 plantarumque
893 1585 1018 1616 morbos
1048 1589 1160 1625 quater
1182 1596 1211 1626 p.
1236 1585 1266 1616 h.
1291 1586 1418 1618 docebit
1441 1586 1693 1618 KOERNICKE
1716 1587 1770 1618 Dr.
1793 1590 1825 1618 et
1846 1586 1927 1628 prof.

148 1641 399 1672 Exercitationes
423 1640 670 1679 microscopicas
693 1643 722 1670 et
747 1639 984 1679 physiologicas
1009 1639 1151 1670 instituet
1176 1639 1286 1671 idem.

145 1694 319 1726 Historiam
341 1694 517 1725 naturalem
541 1694 725 1724 animalium
749 1703 811 1724 non
834 1693 1083 1724 vertebratorum
1109 1697 1156 1724 ter
1177 1703 1206 1733 p.
1229 1693 1258 1725 h.
1282 1694 1386 1726 tradet
1407 1694 1609 1726 BERTKAV
1632 1695 1686 1726 Dr.
1710 1698 1741 1727 et
1763 1695 1843 1736 prof.

148 1748 388 1789 Physiologiam
411 1749 597 1779 animalium
622 1748 906 1788 experimentalem
927 1748 974 1779 bis
998 1747 1124 1779 docebit
1147 1752 1177 1779 et
1193 1748 1439 1780 exercitationes
1456 1749 1488 1780 in
1504 1749 1699 1781 laboratorio
1712 1749 1927 1781 moderabitur

230 1802 418 1833 FINKLER
443 1802 496 1833 Dr.
520 1806 550 1833 et
574 1801 652 1841 prof.

148 1856 363 1896 Geognosiam
385 1856 434 1887 bis
456 1866 486 1896 p.
512 1855 540 1886 h.
565 1859 705 1895 exponet
728 1863 776 1886 DE
800 1855 995 1887 LASAVLX
1022 1856 1075 1887 Dr.
1100 1860 1130 1887 et
1151 1857 1230 1897 prof.

148 1911 403 1942 Exercitationes
426 1911 672 1950 minei-alogicas
698 1910 795 1941 semel
818 1910 962 1942 instituet
985 1911 1091 1942 idem.

145 1965 317 2006 Physicam
341 1964 625 2005 experimentalem
648 1964 697 1995 bis
721 1975 749 2004 p.
775 1964 803 1995 h.
828 1965 979 1996 tractabit
1002 1965 1212 1997 GIESELER
1235 1966 1289 1997 Dr.
1311 1969 1340 1997 et
1363 1966 1441 2006 prof.

146 2019 400 2050 Exercitationes
424 2018 575 2059 physicas
596 2018 813 2049 moderabitur
836 2018 945 2049 idem.

144 2072 398 2104 Architecturam
420 2077 576 2104 terrenam
598 2073 643 2104 bis
670 2083 700 2113 p.
726 2072 754 2103 h.
781 2072 907 2104 docebit
929 2072 1035 2104 idem.

147 2126 353 2158 Mechanicen
377 2127 544 2167 agrariam.
567 2127 663 2158 semel
687 2127 790 2158 tradet
813 2127 921 2158 idem.

143 2180 396 2212 Architecturam
420 2181 585 2220 aquariam
608 2185 656 2212 ter
676 2191 706 2221 p.
730 2181 760 2212 h.
786 2181 935 2213 tractabit
958 2181 1180 2213 HVPPERTZ
1203 2182 1402 2214 architectus.

145 2234 398 2266 Exercitationes
422 2235 454 2265 in
478 2235 690 2267 architectura
715 2236 850 2275 aquaria
872 2239 984 2276 quater
1006 2246 1034 2276 p.
1058 2235 1087 2267 h.
1109 2236 1325 2268 moderabitur
1348 2236 1453 2268 idem.

143 2289 357 2321 Geometriam
380 2290 562 2330 practicam,
585 2290 868 2321 exercitationibus
900 2290 1053 2322 metiendi
1088 2291 1310 2331 aequandique
1333 2301 1427 2332 agros
1456 2291 1620 2331 adhibitis,
1643 2293 1793 2324 tractabit
1815 2293 1863 2325 bis
1891 2303 1920 2333 p.

231 2342 260 2373 h.
286 2342 391 2374 idem.

143 2409 316 2450 Algebram
341 2410 388 2442 bis
412 2421 441 2451 p.
466 2410 495 2441 h.
520 2411 647 2442 docebit
669 2411 904 2442 VELTMANN
926 2411 980 2443 Dr.

142 2463 359 2496 Geometriam
382 2465 577 2505 analyticam
602 2468 631 2496 et
655 2465 811 2506 Analysin
834 2466 1031 2505 superiorem
1057 2470 1104 2497 ter
1127 2466 1230 2497 tradet
1253 2466 1359 2498 idem.
