2236 2979
1018 259 1107 289 XHI

170 362 371 397 obiciuntur,
395 361 539 400 interim,
563 361 674 390 donec
697 360 731 389 in
755 360 827 390 eius
845 358 959 389 fontes
981 359 1137 389 subtilius
1160 359 1357 398 inquisitum
1370 360 1444 395 erit,
1468 361 1681 391 mussitanda
1705 367 1740 392 et
1754 362 1954 401 accipienda

172 422 258 447 sunt.
303 415 375 446 Sed
397 415 521 450 veniet,
553 414 684 453 opinor,
712 414 771 443 illa
794 413 876 450 dies,
910 423 979 452 qua
1001 412 1210 443 Pausaniam
1245 412 1445 452 diligentem
1477 420 1511 444 et
1534 415 1697 445 lectorem
1730 420 1764 445 et
1787 416 1954 447 cultorem

171 469 394 509 anagraphae
419 468 623 508 Olympicae
645 467 751 498 fuisse
774 467 954 498 constabit.

216 578 262 608 11.
285 577 325 607 In
340 577 533 607 Pausaniae
558 576 710 607 fontibus
733 575 957 616 explorandis
977 575 1068 606 viam
1090 581 1282 606 monstrant
1298 576 1513 606 narrationes
1537 577 1580 606 de
1604 578 1810 608 athletarum
1836 579 1913 608 vitis

327 637 361 661 et
383 632 486 661 rebus
508 630 627 671 gestis.
672 631 878 661 Praelucent
901 630 1024 660 ceteris
1047 629 1210 669 Euthymi
1233 635 1359 670 pyctae
1383 630 1499 670 (Paus.
1522 630 1581 665 VI,
1607 632 1636 670 6,
1660 633 1691 669 4)
1714 632 1794 663 fata.

320 706 393 735 Iam
415 706 520 745 igitur
551 715 641 736 nunc
667 705 888 744 accingamur
921 709 1062 743 oportet
1098 706 1141 734 ad
1166 705 1403 744 quaestionem
1437 706 1481 735 de
1504 705 1553 735 eis
1576 705 1768 737 Pausaniae
1791 706 1953 742 fontibus,

171 760 294 799 quibus
315 760 347 790 in
370 761 474 790 rebus
508 759 709 799 agonisticis
745 758 980 789 describendis
1009 768 1071 798 per
1093 759 1217 789 librum
1240 759 1290 789 VI
1324 768 1406 789 usus
1430 765 1492 791 est.
1537 759 1626 789 Nam
1648 761 1887 799 quaestionem
1909 761 1952 791 de

171 814 370 845 auctoribus
393 813 585 843 Pausaniae
607 813 641 842 in
665 818 853 842 statuarum
886 817 921 842 et
946 813 1083 842 omnino
1109 813 1191 843 artis
1215 823 1359 852 operum
1386 813 1617 853 descriptione
1641 813 1845 853 Olympiaca
1867 824 1954 844 nunc

170 867 311 898 missam
334 866 510 897 faciamus.
548 865 682 897 Sufficit
704 866 839 896 interim
863 867 906 896 de
940 866 993 896 his
1016 867 1119 896 rebus
1142 867 1290 897 lectores
1310 868 1489 907 relegasse
1511 869 1556 897 ad
1578 868 1702 897 librum
1727 868 1896 899 subtiliter
1920 875 1955 899 et

172 922 351 961 eleganter
374 921 538 960 scriptum
560 920 659 950 Pauli
680 920 773 950 Hirt:
810 921 853 950 de
876 919 1043 950 Fontibus
1067 920 1261 951 Pausaniae
1294 922 1328 951 in
1349 921 1489 956 Eliacis,
1525 920 1835 961 Gryphiswaldiae‚
1859 923 1938 953 1878
1946 933 1952 957 ;

172 975 258 1006 conf.
282 975 434 1015 inprimis
458 985 490 1014 p.
515 976 562 1006 54.
596 975 713 1014 Atque
735 974 826 1004 idem
850 974 900 1004 vir
924 975 1048 1004 doctus
1071 975 1114 1004 de
1138 975 1404 1014 agonisticarum
1429 986 1567 1015 quoque
1591 976 1831 1015 antiquitatum
1854 976 1954 1006 fonti-

171 1031 236 1060 bus
268 1030 360 1069 apud
383 1029 590 1059 Pausaniam
621 1028 654 1058 in
692 1029 816 1058 eodem
850 1029 937 1058 libro
960 1028 1168 1067 peritissime
1197 1034 1231 1059 et
1253 1030 1530 1068 prudentissume
1560 1030 1730 1065 disseruit,
1762 1040 1794 1069 p.
1819 1031 1858 1060 ‘20
1883 1040 1954 1070 sqq.

171 1082 242 1114 Sed
259 1083 420 1123 quoniam
443 1093 515 1113 rem
533 1083 685 1112 nondum
701 1082 849 1112 absolvit
872 1088 906 1113 et
922 1083 1002 1121 quia
1018 1093 1100 1112 sane
1122 1083 1211 1112 ultra
1227 1093 1288 1113 eos
1310 1083 1486 1119 terminos,
1510 1084 1544 1113 in
1567 1084 1690 1123 quibus
1713 1084 1769 1113 ille
1793 1085 1954 1119 substitit,

171 1138 382 1177 aliquantum
398 1137 589 1176 procedere
612 1137 701 1171 licet,
726 1137 850 1166 deinde
866 1136 946 1175 quia
964 1137 1103 1167 diversa
1117 1137 1306 1176 paullulum
1322 1137 1378 1167 via
1394 1137 1427 1167 in
1443 1138 1508 1167 hac
1521 1138 1723 1177 quaestione
1747 1138 1955 1168 instituenda

170 1191 359 1231 ingressuri
383 1201 508 1225 sumus,
533 1190 682 1220 minume
714 1192 777 1220 abs
808 1200 845 1220 re
868 1191 941 1225 erit,
974 1190 1087 1220 denuo
1110 1191 1199 1220 hanc
1221 1191 1401 1221 materiam
1434 1192 1467 1221 in
1506 1193 1662 1222 incudem
1694 1202 1871 1222 revocare.
1916 1192 1954 1221 In

171 1245 433 1285 antiquitatibus
467 1245 574 1284 igitur
596 1244 796 1284 agonisticis
828 1245 986 1274 ludorum
1017 1244 1277 1285 Olympicorum
1311 1246 1488 1276 tradendis
1521 1246 1588 1276 duo
1621 1251 1697 1276 sunt
1727 1246 1954 1285 potissumum

173 1310 286 1331 rerum
307 1309 446 1339 genera,
471 1299 503 1329 in
528 1309 616 1338 quae
640 1299 759 1329 oculos
782 1308 863 1328 suos
879 1299 1070 1328 Pausanias
1094 1299 1271 1330 convertit.
1305 1299 1465 1330 Alterum
1484 1310 1594 1340 genus
1618 1301 1662 1330 ad
1684 1301 1782 1340 leges
1805 1306 1839 1331 et
1862 1300 1955 1331 insti-

172 1359 246 1384 tuta
267 1353 491 1384 certaminum
516 1358 660 1392 spectat,
684 1353 728 1383 ad
748 1358 914 1392 tempora,
940 1353 1063 1392 quibus
1082 1363 1172 1383 nova
1188 1354 1376 1384 certamina
1391 1354 1596 1394 introducta,
1620 1355 1811 1385 vetustiora
1827 1355 1956 1385 abolita

172 1408 247 1446 sint,
282 1408 510 1447 potissumum
532 1417 616 1437 vero
642 1408 686 1437 ad
706 1407 868 1437 victorias
890 1407 923 1436 in
947 1407 1092 1437 diversis
1116 1408 1337 1437 certaminum
1364 1408 1550 1447 generibus
1573 1408 1785 1448 impetratas,
1809 1409 1957 1439 chrono-

172 1463 288 1502 logiae
312 1462 446 1492 ratione
471 1462 655 1501 diligenter
677 1461 878 1500 plerumque
900 1461 1027 1492 habita.
1053 1462 1214 1492 Alterum
1232 1461 1355 1492 deinde
1377 1473 1488 1502 genus
1511 1468 1670 1492 versatur
1692 1463 1726 1493 in
1749 1463 1955 1494 athletarum

176 1516 332 1555 personis
355 1516 627 1554 considerandis3
654 1526 732 1545 nam
751 1515 783 1545 in
807 1515 934 1546 talibus
956 1515 1048 1551 viris,
1071 1516 1129 1555 qui
1153 1517 1256 1546 decus
1279 1521 1313 1546 et
1336 1517 1498 1555 splendor
1525 1516 1634 1546 omnis
1656 1515 1825 1547 Graeciae
1848 1524 1954 1553 erant,

173 1571 287 1600 omnia
309 1570 573 1609 cupientissimis
602 1569 865 1608 sitientibusque
900 1569 1039 1599 auribus
1066 1571 1335 1609 expetebantur:
1367 1569 1448 1609 fata,
1481 1580 1537 1600 res
1559 1576 1692 1610 gestae,
1728 1571 1829 1607 dicta,
1863 1571 1955 1602 vitae

172 1624 447 1657 consuetudines,
472 1623 618 1662 denique
646 1633 757 1662 genus
784 1623 915 1653 mortis.
959 1623 1166 1653 Pausaniam
1196 1623 1345 1654 minume
1366 1623 1534 1663 fugiebat,
1564 1634 1681 1654 earum
1712 1625 1954 1661 narrationum,

173 1678 333 1708 universo
358 1678 488 1717 populo
511 1687 672 1707 maxume
694 1677 903 1713 dilectarum,
929 1677 1173 1707 additamentis
1198 1677 1326 1716 optime
1350 1689 1387 1708 se
1411 1679 1551 1708 alterius
1574 1679 1662 1709 illius
1687 1680 1851 1709 materiae
1875 1680 1955 1710 ieiu-

173 1733 316 1763 nitatem
340 1739 371 1762 et
395 1731 618 1771 asperitatem
642 1731 782 1762 condire
806 1737 839 1761 et
863 1732 1058 1762 exhilarare
1079 1741 1192 1771 posse.
1228 1732 1348 1771 Itaque
1369 1742 1437 1762 non
1453 1742 1559 1771 parca
1575 1742 1677 1762 manu
1696 1734 1955 1773 acceptissimas

173 1787 249 1816 illas
272 1786 492 1816 historiarum
515 1786 779 1824 fabularumque
803 1786 943 1816 delicias
966 1786 1063 1825 operi
1086 1786 1256 1824 inspersit.

318 1840 392 1870 Iam
416 1840 444 1870 si
465 1839 612 1879 primum
636 1850 725 1869 nunc
743 1850 958 1879 quaeramus,
983 1851 1001 1870 e
1026 1840 1229 1879 quibusnam
1251 1839 1359 1879 pratis
1383 1846 1417 1870 et
1441 1850 1485 1870 ex
1508 1850 1575 1879 quo
1599 1841 1739 1871 tandem
1761 1842 1954 1872 litterarum

171 1905 302 1935 genere
314 1894 504 1924 Pausanias
519 1895 624 1924 hosce
647 1893 751 1924 flores
764 1894 954 1933 collegerit,
976 1894 1209 1934 gratissimum
1234 1894 1325 1924 dictu
1344 1900 1407 1930 est,
1427 1905 1562 1924 rursum
1574 1895 1759 1934 benignam
1783 1897 1955 1935 quandem

172 1949 360 1979 Fortunam
383 1949 431 1978 ita
454 1949 574 1978 studiis
597 1948 725 1978 nostris
748 1948 982 1988 prospexisse,
1016 1954 1053 1978 ut
1080 1949 1113 1978 in
1135 1948 1233 1979 unius
1258 1949 1409 1978 athletae
1432 1948 1604 1988 Euthymi,
1639 1949 1733 1979 cuius
1767 1949 1839 1979 fata
1866 1950 1955 1980 Pau-

173 2003 287 2033 sanias
309 2012 445 2042 quoque
466 2002 525 2037 VI,
551 2004 578 2037 6,
602 2003 703 2033 4—11
732 2003 960 2042 persequitur,
996 2002 1138 2033 historia
1171 2008 1281 2032 totum
1314 2012 1426 2042 genus
1461 2003 1551 2033 unde
1580 2002 1729 2038 fluxerit,
1766 2004 1957 2035 luculenter

173 2057 335 2087 illustrari
356 2056 478 2096 possit.
526 2056 672 2087 Viderat
693 2056 798 2096 igitur
821 2057 1012 2087 Pausanias
1036 2056 1220 2096 Olympiae
1244 2062 1392 2087 statuam
1415 2057 1576 2097 Euthymi
1598 2057 1699 2088 Locri
1723 2057 1954 2098 Epizephyrii,

173 2116 300 2151 pyctae
315 2111 602 2149 excellentissimi,
627 2122 647 2141 a
659 2111 863 2151 Pythagora
877 2112 1054 2150 sculptam.
1090 2111 1281 2150 Euthymus
1297 2116 1350 2141 ter
1364 2111 1522 2151 pugilatu
1537 2111 1667 2142 vicerat
1689 2113 1730 2143 ol.
1746 2112 1785 2143 74
1801 2114 1854 2149 (=
1868 2112 1953 2151 484),

175 2166 218 2196 ol.
244 2166 282 2196 7ss
305 2165 353 2205 (z
373 2165 447 2205 476)
472 2171 506 2196 et
529 2166 571 2195 ol.
596 2166 633 2196 77
661 2166 713 2204 (Ξ
729 2166 819 2205 472);
843 2166 948 2196 semel
972 2165 1112 2196 inferior
1136 2165 1341 2195 discesserat
1365 2165 1408 2195 01.
1426 2165 1464 2195 75
1488 2166 1541 2202 (=
1557 2166 1640 2204 480).
1673 2165 1745 2195 Iam
1765 2166 1954 2197 Pausanias

174 2221 217 2250 de
241 2219 313 2250 eius
336 2219 407 2249 vita
431 2225 465 2249 et
488 2220 591 2250 rebus
614 2220 724 2260 gestis
755 2220 989 2259 gratissimum
1021 2219 1268 2250 deverticulum
1300 2219 1427 2249 inserit.
1470 2218 1678 2259 Euthymum
1713 2219 1760 2249 ait
1795 2230 1870 2249 cum
1903 2226 1955 2250 tot

172 2273 394 2304 victoriarum
417 2273 539 2312 palmis
567 2280 709 2304 ornatus
737 2274 769 2303 in
793 2274 939 2313 patriam
967 2273 1102 2303 Italiam
1126 2273 1338 2307 revertisset,
1368 2273 1540 2312 quondam
1567 2273 1631 2303 iter
1657 2273 1840 2303 facientem
1866 2273 1954 2304 forte

173 2327 311 2357 fortuna
334 2327 516 2357 Temesam
538 2328 658 2358 urbem
688 2327 816 2367 (Strab.
840 2327 889 2358 VI
910 2338 942 2367 p.
967 2329 1026 2358 255
1052 2329 1151 2364 extr.)
1180 2326 1410 2366 praeteriisse,
1441 2337 1517 2357 cum
1549 2326 1752 2366 necopinato
1787 2327 1831 2356 ad
1854 2337 1954 2358 aures

172 2381 245 2411 eius
281 2381 398 2411 feralis
434 2381 683 2421 oppidanorum
722 2383 880 2421 planctus
919 2388 952 2412 et
989 2381 1201 2411 miserrimae
1237 2381 1502 2411 lamentationes
1541 2381 1735 2411 acciderint.
1795 2381 1957 2412 Accessit
