2236 2979
1080 276 1191 307 XXII

246 393 317 415 tum
339 394 425 419 esse,
449 383 508 412 vix
533 381 714 412 verisimile
739 385 800 410 est.
845 378 943 418 Quae
969 378 1061 417 apud
1084 376 1232 407 Gellium
1257 376 1337 415 XV,
1364 377 1400 407 113
1435 378 1476 407 de
1499 377 1627 408 Milone
1651 376 1854 408 Crotoniata
1889 377 2027 406 tradun-

247 447 309 477 tur,
332 436 498 468 eiusmodi
521 441 608 470 sunt⁷
632 440 669 464 ut
690 444 735 464 ex
757 432 960 472 anagrapha
982 431 1092 471 petita
1114 430 1305 465 videantur,
1336 431 1438 470 idque
1460 430 1536 469 ipso
1560 432 1666 461 verbo
1689 429 1933 469 chronicorum,
1957 440 2025 469 quo

247 492 377 522 Gellius
399 491 514 528 utitur,
548 488 816 519 commendatur.
871 485 1003 516 Gellius
1025 486 1044 515 l.
1067 495 1106 515 s.:
1141 483 1229 513 illz'la
1254 482 1494 518 (frofmzz'mzxz‘s,
1528 483 1651 513 allzlcz‘a
1682 483 1843 519 z‘llelsfris,
1868 494 1962 524 quem
1988 483 2026 513 m

245 543 415 575 chronicis
445 541 606 582 scriplum
639 543 689 570 est
707 539 891 581 oljmpz‘adc
916 538 1054 578 [LXII]
1073 536 1225 578 primum
1249 537 1405 577 (“prima''
1431 538 1546 575 codd.)
1570 539 1763 567 coronatum
1788 547 1865 572 esse,
1896 537 2027 567 exz'z‘ltm

246 598 366 628 lmbm't
396 607 412 627 c
438 596 509 626 vita
546 594 775 625 miserandum
803 595 834 623 el
867 592 1070 623 mirandum.
1128 591 1290 631 Sequitur
1320 591 1437 622 fabula
1470 591 1650 621 notissima
1682 592 1724 621 de
1749 591 1887 622 Milonis
1909 597 2027 622 morte.

248 653 345 682 Haec
379 652 526 681 libenter
557 650 666 679 Paulo
699 649 790 678 Hirt:
827 649 869 678 de
903 647 1001 676 Font.
1024 646 1216 677 Pausaniae
1236 647 1268 676 in
1293 646 1396 676 Eliac.
1416 656 1447 685 p.
1471 646 1510 676 24
1534 656 1578 676 ex
1607 646 1810 685 anagrapha
1844 647 2026 685 desumpta

249 716 334 741 esse,
359 704 597 735 concesserim.
642 703 713 734 Sed
737 713 787 738 ea,
813 712 900 741 quae
924 699 1114 730 Pausanias
1138 699 1196 734 VI,
1223 700 1269 738 14,
1294 700 1373 729 ’.ἔ-8
1398 700 1440 729 de
1461 698 1590 728 Milone
1611 704 1737 732 narrat,
1762 698 1937 737 aliquanto
1961 699 2028 728 iam

248 760 443 799 copiosiora
478 764 555 789 sunt
578 763 779 796 tantamque
805 756 1008 786 varietatem
1033 754 1227 792 ostendunt,
1251 759 1288 783 ut
1312 754 1354 783 de
1378 758 1554 783 auctorum
1577 753 1648 790 περὶ
1670 752 1804 789 ἀγώνων
1831 753 1922 791 apud
1940 752 2028 782 Pau-

248 814 377 845 saniam
400 824 463 843 usu
486 813 641 853 cogitare
664 811 787 841 malim.

460 961 507 991 20.
553 960 767 999 Scriptorum
791 958 862 996 περὶ
886 957 1019 994 ἀγώνων
1043 966 1169 995 agmen
1194 956 1285 985 ducit
1308 955 1411 985 Duris
1435 954 1581 988 Samius,
1608 954 1749 985 mirifice
1773 955 1816 984 ad

553 1015 618 1044 hoc
642 1012 811 1043 scribendi
833 1021 944 1051 genus
965 1011 1159 1041 instructus.
1204 1010 1310 1049 Apud
1332 1009 1538 1039 Pausaniam
1562 1008 1620 1048 VI,
1647 1009 1693 1043 13,
1717 1010 1734 1038 5

753 1076 831 1096 num
853 1065 997 1096 Duridis
1019 1065 1146 1104 pugilis
1169 1064 1334 1094 memoria
1355 1069 1449 1094 certa
1473 1063 1524 1092 sit.

399 1152 568 1191 Quoniam
603 1151 706 1190 igitur
737 1150 838 1179 valde
861 1149 1046 1179 verisimile
1071 1154 1132 1187 est,
1167 1157 1227 1177 eos
1251 1152 1420 1180 auctores,
1445 1156 1532 1185 quos
1556 1155 1618 1175 nos
1641 1146 1799 1176 manibus
1823 1146 1973 1185 terimus,
1998 1147 2031 1176 in

250 1207 503 1237 narrationibus
526 1207 569 1235 de
593 1205 731 1234 athletis
754 1213 881 1243 magna
903 1213 947 1233 ex
970 1208 1070 1242 parte
1094 1203 1138 1231 ab
1164 1202 1229 1231 illis
1253 1200 1442 1240 deperditis
1465 1201 1536 1238 περὶ
1553 1200 1690 1237 ἀγώνων
1707 1200 1932 1239 scriptoribus
1948 1211 2031 1240 pen-

251 1262 332 1291 dere
357 1260 473 1299 eisque
495 1259 642 1299 plurima
665 1263 809 1297 accepta
831 1257 970 1291 referre,
994 1266 1082 1286 nunc
1104 1266 1173 1286 non
1196 1256 1314 1285 inutile
1336 1254 1408 1291 erit,
1434 1264 1562 1289 eorum,
1588 1254 1645 1293 qui
1667 1255 1733 1284 hoc
1757 1254 1947 1284 litterarum
1970 1264 2030 1293 ge-

250 1325 313 1344 nus
347 1314 446 1353 primi
479 1313 651 1352 copiosius
677 1312 910 1349 excoluerunt,
934 1311 1133 1340 memoriam
1157 1310 1272 1349 paullo
1296 1309 1428 1347 plenius
1452 1308 1652 1338 instaurare.
1699 1308 1751 1338 Ac
1777 1309 2031 1339 vetustissimus

250 1369 387 1408 quidem
410 1368 599 1398 litterarum
623 1367 693 1404 περὶ
717 1366 852 1402 ἀγώνων
875 1375 1000 1404 parens
1024 1375 1093 1394 non
1117 1364 1346 1394 Callimachus
1370 1371 1432 1397 est,
1458 1363 1518 1392 sed
1536 1362 1683 1401 scriptor
1699 1363 1773 1401 ipse
1788 1372 1925 1401 quoque
1940 1363 2034 1392 haud

251 1422 420 1462 ignobilis,
456 1422 630 1461 aliquanto
661 1431 743 1451 vero
767 1430 869 1459 quarn
894 1418 1122 1449 Callimachus
1147 1418 1319 1457 antiquior
1349 1423 1382 1446 et
1406 1417 1528 1446 mirum
1552 1417 1585 1446 in
1610 1417 1748 1446 modum
1774 1417 1817 1445 ad
1841 1427 1896 1447 res
1917 1417 2036 1456 agoni-

252 1477 354 1507 sticas
371 1476 618 1506 describendas
637 1475 702 1504 iam
727 1485 747 1504 a
763 1474 873 1513 prima
897 1472 1131 1503 adulescentia
1155 1472 1356 1502 destinatus,
1395 1470 1455 1500 Est
1472 1470 1499 1499 is
1516 1470 1621 1500 Duris
1639 1470 1786 1505 Samius,
1804 1471 2036 1510 Theophrasti

251 1531 438 1570 discipulus
462 1530 678 1566 (Athenaeus
703 1528 761 1563 IV,
789 1529 845 1559 128
860 1533 898 1566 ²¹),
923 1527 979 1567 qui
1004 1527 1174 1557 Pausania
1198 1526 1256 1561 VI,
1285 1527 1329 1558 13,
1349 1527 1366 1556 ἶ»
1389 1531 1478 1555 teste
1502 1524 1686 1564 Olympiae
1709 1525 1743 1554 in
1765 1535 1950 1564 puerorum
1973 1535 2034 1564 pu-

251 1585 356 1624 gilum
389 1584 575 1615 certamine
609 1583 719 1613 victor
750 1583 962 1612 renuntiatus
993 1588 1053 1611 est.
1108 1581 1203 1610 Idem
1238 1580 1367 1619 aliquot
1398 1579 1571 1609 decenniis
1600 1584 1688 1617 post,
1711 1585 1791 1618 post
1814 1588 1975 1618 pugnarn,
1999 1585 2036 1609 ut

251 1639 396 1672 videtur,
420 1639 513 1678 apud
536 1638 662 1677 Ipsum,
686 1637 819 1676 patriae
843 1642 1008 1676 tyrannus
1031 1635 1143 1665 factus
1168 1640 1234 1672 est,
1257 1633 1344 1664 conf.
1368 1633 1494 1663 Athen.
1521 1633 1611 1668 VIII,
1635 1633 1721 1663 337‘1
1746 1638 1780 1663 et
1804 1632 1930 1664 Suidas
1953 1643 1977 1663 s.
2005 1643 2035 1664 ν.

251 1693 398 1730 Λυγκεύς,
423 1692 479 1732 qui
502 1692 639 1731 quidem
666 1691 824 1730 Lynceus
847 1689 954 1720 frater
977 1689 1119 1719 Duridis
1142 1688 1214 1719 fuit.
1250 1688 1356 1718 Duris
1378 1687 1481 1726 igitur
1502 1693 1640 1726 praeter
1663 1687 1884 1717 clarissumos
1898 1687 2036 1717 “Histo-

252 1741 398 1777 riarum”
432 1746 538 1776 libros
575 1755 663 1784 opus
691 1755 828 1784 quoque
858 1745 928 1782 περὶ
953 1744 1087 1780 ἀγώνων
1112 1746 1368 1781 composuerat,
1394 1751 1462 1780 qua
1486 1751 1561 1771 earn
1586 1747 1704 1781 artem,
1729 1751 1831 1780 quam
1853 1751 1938 1780 puer
1963 1751 2037 1772 cor-

252 1811 337 1840 pore
361 1801 526 1839 exercuit,
550 1800 727 1839 multiplici
750 1799 895 1829 materia
919 1799 1062 1828 collecta
1084 1796 1276 1827 illustravit.
1322 1794 1446 1834 Operis
1470 1795 1603 1825 titulum
1627 1796 1775 1826 Tzetzae
1799 1796 1965 1825 debemus
1989 1796 2034 1825 ad

252 1856 423 1895 Lycophr.
459 1856 531 1886 613:
567 1855 617 1885 καὶ
650 1854 771 1892 Δοῦρίς
806 1861 906 1891 φησιν
935 1853 969 1883 ἑν
990 1855 1034 1892 τῷ
1058 1852 1129 1890 περὶ
1152 1850 1288 1887 ἀγώνων
1312 1851 1387 1887 τοὺς
1412 1850 1539 1887 βωμοὺς
1563 1850 1688 1887 τάφους
1712 1850 1885 1879 καλεῖσθαι.
1931 1849 2036 1879 Plura

253 1909 448 1949 fragmenta
472 1909 611 1948 collegit
636 1908 670 1939 C.
694 1907 848 1942 Mueller,
873 1907 1009 1946 Fragm.
1033 1906 1108 1935 hist.
1136 1904 1194 1935 Gr.
1216 1904 1258 1938 ΙΙ,
1282 1904 1352 1934 486.

407 1964 476 1995 Sed
499 1973 611 2002 pauca
632 1963 700 1995 illa,
724 1972 812 2001 quae
837 1962 940 1991 modo
966 1962 1009 1991 de
1032 1959 1174 1989 Duridis
1198 1957 1269 1987 vita
1293 1963 1326 1988 et
1349 1959 1504 1993 rebus,ut
1521 1964 1615 1987 certa
1631 1958 1816 1996 posuimus,
1835 1967 1922 1987 nunc
1938 1967 2036 1988 accu-

255 2017 362 2048 ratius
377 2017 545 2047 firmanda
561 2022 646 2051 sunt,
664 2016 825 2056 quoniam
841 2016 989 2045 minume
1012 2024 1125 2045 rerum
1147 2014 1190 2043 ab
1216 2011 1373 2042 omnibus
1395 2011 1536 2041 eruditis
1561 2013 1758 2050 probantur.
1782 2011 1924 2041 Duridis
1948 2011 2036 2041 enim

255 2072 364 2101 omnis
387 2071 552 2102 memoria
574 2071 759 2110 praecipue
783 2071 860 2101 Ioco
891 2070 1005 2109 aliquo
1025 2067 1216 2098 Pausaniae
1240 2066 1298 2101 VI,
1316 2066 1361 2101 13,
1386 2068 1403 2096 5
1427 2065 1555 2103 nititur,
1579 2066 1636 2105 qui
1659 2066 1739 2105 quia
1761 2075 1829 2095 non
1853 2071 2037 2104 corruptus

254 2132 395 2163 tantum,
431 2126 492 2155 sed
529 2125 666 2154 mutilus
701 2125 803 2154 etiam
837 2124 984 2154 traditus
1007 2129 1069 2157 est,
1106 2122 1198 2151 viros
1224 2122 1345 2150 doctos
1369 2120 1460 2149 omni
1485 2126 1641 2159 tempore
1664 2129 1826 2150 maxume
1850 2124 2039 2158 occupatos

255 2185 289 2208 et
313 2178 479 2208 sollicitos
502 2178 619 2208 tenuit.
670 2177 859 2207 Pausanias
891 2182 1120 2216 posteaquam
1152 2174 1326 2205 Chionidis
1358 2173 1625 2204 Lacedaemonii
1663 2179 1812 2204 statuam
1846 2173 2038 2212 descripsit,

254 2233 301 2262 ita
334 2232 450 2272 pergit
482 2232 597 2262 verbis
631 2232 824 2271 corruptius
854 2230 999 2261 traditis:
1032 2229 1178 2266 Χιόνιδος
1213 2229 1247 2259 δὲ
1281 2228 1318 2258 οὐ
1341 2228 1450 2266 πόρρω
1472 2230 1528 2265 τῆς
1552 2228 1586 2259 ἐν
1609 2222 1764 2268 Ὀλυμπίᾳ
1788 2228 1907 2265 στήλης
1930 2227 1981 2258 καὶ
2001 2227 2039 2265 ὃς

256 2286 328 2321 (itaz
352 2287 402 2316 καὶ
424 2287 461 2324 ὃς
484 2285 717 2325 Mosquensis)
740 2286 874 2323 ἕστηκεν
898 2285 915 2316 ὁ
938 2285 1082 2322 Δούριος
1106 2283 1180 2323 rita:
1205 2282 1223 2313 ὁ
1246 2282 1388 2320 Δούριος
1414 2282 1525 2321 Mosq.
1551 2281 1716 2320 Vindob.)
1740 2282 1859 2320 Σάμιος
1874 2281 2037 2320 κρατήσας

255 2343 360 2379 πυγμῇ
383 2342 508 2378 παῖδας.
553 2340 621 2370 Pro
644 2340 758 2370 verbis
781 2341 870 2370 hunc
893 2339 925 2369 in
949 2340 1089 2369 modum
1112 2337 1265 2367 traditis:
1289 2337 1340 2366 καὶ
1360 2336 1398 2374 ὃς
1422 2335 1594 2366 Schubart
1613 2337 1730 2374 Σκαῖος
1747 2335 1899 2365 athletae
1914 2344 2038 2365 nomen

257 2393 387 2423 restitui
410 2393 513 2433 iubet,
538 2393 684 2424 Scaeum
710 2394 880 2432 quendam
904 2393 969 2423 sibi
990 2392 1134 2433 fingens,
1165 2392 1222 2431 qui
1246 2389 1387 2420 Duridis
1408 2388 1505 2425 filius,
1530 2389 1676 2428 Samius,
1700 2389 1811 2423 fuerit,
1840 2398 1942 2428 quam
1958 2398 2037 2418 con-
