2236 2979
1121 281 1210 312 XVI

276 385 414 426 quidem
427 384 627 423 quaestione
650 391 783 412 summa
805 381 893 411 inter
916 381 1010 412 viros
1033 381 1157 411 doctos
1181 381 1419 411 controversia
1436 382 1575 412 exarsit.
1613 382 1764 412 Primum
1788 382 1876 412 enim
1891 382 2055 422 nonnulli,

277 440 311 469 id
334 439 428 478 quod
453 448 536 468 sane
565 437 609 466 ad
639 436 860 466 divinandum
893 445 1102 475 proxumum
1138 435 1246 464 videri
1269 435 1389 473 potuit,
1427 435 1469 464 de
1501 434 1700 465 Callimachi
1732 445 1838 475 opere
1860 436 2056 466 notissimo:

276 492 470 530 Θαυμασίων
494 491 544 522 καὶ
566 490 759 528 παραδόξων
788 490 959 527 συναγωγή
992 489 1197 529 cogitarunt,
1234 488 1328 519 cuius
1362 487 1559 528 fragmenta
1592 489 1722 528 optime
1755 489 1949 528 composuit
1975 489 2059 520 Otto

276 546 474 579 Schneider,
510 544 741 574 Callimaehea
763 543 804 578 Π,
829 543 1002 574 329—350.
1047 543 1085 574 In
1115 553 1157 573 ea
1191 543 1362 573 sententia
1397 542 1550 582 Silligius
1584 543 1628 573 ad
1661 543 1746 574 Plin.
1781 549 1850 573 nat.
1881 544 1958 576 hist.
1981 543 2059 578 VII,

276 601 302 640 ξ.
330 601 388 630 152
413 604 446 629 et
470 599 598 628 Paulus
624 598 712 635 Hirt,
742 598 785 628 de
808 597 909 627 Paus.
938 597 1021 627 font.
1050 597 1083 626 in
1104 596 1229 627 Eliacis
1257 607 1289 636 p.
1313 597 1353 627 26
1382 596 1526 627 fuerunt.
1571 597 1647 627 Hos
1679 597 1771 627 viros
1807 598 1927 628 doctos
1953 602 2057 632 recte,

276 653 408 693 opinor,
432 652 575 692 Dilthey
598 652 619 682 1.
643 662 667 682 s.
693 656 726 681 et
739 650 969 681 Schneiderus
993 650 1012 680 l.
1037 659 1061 680 s.
1085 660 1117 689 p.
1135 650 1195 681 579
1219 651 1267 680 ita
1282 650 1484 686 refutarunt,
1508 656 1545 680 ut
1560 650 1722 680 universo
1740 651 1811 680 eius
1833 651 1947 690 operis
1964 651 2058 681 insti-

276 712 351 737 tuto
375 712 409 737 et
432 706 572 736 consilio
595 706 688 735 illam
712 706 754 735 de
778 705 950 744 Euthymo
973 704 1152 734 historiam
1175 704 1346 744 refragari
1367 705 1527 736 dicerent.
1565 704 1701 735 Deinde
1717 704 1890 744 Bergkius
1914 705 2058 735 Anthol.

274 761 391 801 lyrica,
417 760 469 791 ed.
492 760 534 794 Π,
558 759 646 798 Lips.
672 760 751 789 1868
775 769 807 798 p.
831 757 953 787 XVIII
976 757 1138 797 Euthymi
1161 757 1233 788 fata
1253 758 1311 788 illa
1331 758 1500 788 mirabilia
1525 758 1773 798 epigrammate
1798 758 1912 797 aliquo
1938 769 1959 788 a
1984 758 2059 789 Cal-

274 815 422 845 limacho
447 814 623 844 celebrata
656 823 732 843 esse
767 817 893 847 censet,
928 812 1018 842 unde
1042 812 1170 843 Plinius
1194 812 1394 852 profecerit;
1429 822 1532 852 quam
1561 812 1793 842 coniecturam
1827 822 1889 842 suo
1925 813 2059 842 calculo

276 868 506 899 Schneiderus
529 877 666 907 quoque
688 877 720 906 p.
746 866 806 896 579
836 866 1007 905 probavit.
1051 865 1101 896 At
1125 867 1241 897 obstat
1274 866 1352 896 huic
1375 866 1536 905 opinioni,
1559 867 1653 905 quod
1675 876 1787 896 rerum
1811 866 1920 905 copia,
1954 875 2058 905 quam

275 922 405 952 Plinius
429 921 609 961 significat,
633 920 893 960 epigrammatis
916 920 1090 949 modulum
1127 921 1273 952 excedit.

401 1034 447 1064 14.
494 1031 693 1063 Callimachi
716 1032 787 1070 περὶ
810 1031 944 1068 ἀγώνων
966 1032 1087 1061 librum
1115 1031 1275 1062 Carolum
1301 1033 1444 1073 Dilthey
1469 1033 1611 1074 egregie
1638 1043 1658 1063 a
1682 1032 1928 1072 suspitionibus

274 1087 476 1117 vindicasse.
522 1087 694 1116 Auctores
729 1086 802 1124 περὶ
835 1085 968 1122 ἀγώνων
1000 1085 1178 1116 materiam
1209 1089 1395 1117 secundum
1428 1098 1559 1127 genera
1593 1087 1764 1126 quaedam
1797 1087 2059 1122 distribuebant,

834 1150 978 1179 quorum
1001 1150 1103 1170 unum
1124 1139 1198 1171 fuit:
1233 1140 1276 1169 de
1299 1140 1510 1171 castimonia.

423 1216 643 1255 Relinquitur
666 1216 770 1255 igitur
797 1216 897 1245 tertia
919 1215 1098 1255 sententia,
1122 1225 1282 1245 maxume
1306 1216 1373 1245 iam
1396 1225 1458 1254 per
1480 1226 1516 1246 se
1539 1216 1615 1255 ipsa
1637 1215 1837 1254 probabilis,
1869 1224 1972 1254 quarn
1995 1214 2063 1254 pri-

276 1282 350 1301 mus
381 1270 561 1310 professus
585 1277 637 1301 est
660 1270 814 1309 Dilthey,
850 1270 950 1299 Anal.
976 1269 1059 1299 Call.
1084 1279 1115 1308 p.
1141 1270 1189 1304 22,
1222 1270 1404 1309 amplexus
1427 1270 1552 1300 deinde
1587 1275 1639 1300 est
1675 1274 1709 1299 et
1740 1274 1877 1299 strenue
1907 1268 2062 1299 defendit

275 1325 464 1355 Guilelmus
489 1325 619 1363 Lange,
645 1326 688 1354 de
713 1324 912 1354 Callimachi
936 1323 1059 1361 Aetiis‚
1083 1323 1175 1362 Lips.
1200 1324 1289 1363 1882,
1312 1334 1344 1362 p.
1369 1324 1416 1354 24.
1461 1324 1628 1353 Novimus
1648 1323 1868 1354 Callimachei
1890 1323 1968 1353 libri
1991 1323 2063 1361 περὶ

275 1380 410 1416 ἀγώνων
443 1379 576 1408 titulum
601 1389 645 1408 ex
670 1378 948 1416 Harpocratione
977 1388 1001 1408 s.
1026 1388 1055 1407 V.
1081 1377 1188 1408 Ἄκτια
1214 1378 1301 1414 ἀγὼν
1324 1378 1462 1415 παλαιὸς
1486 1378 1534 1415 ἦν,
1565 1378 1610 1415 ὡς
1633 1380 1731 1415 δῆλον
1754 1379 1837 1408 ποιεῖ
1861 1378 2061 1415 Καλλίμαχος

275 1436 309 1464 ἐν
333 1436 376 1474 τῷ
401 1434 471 1471 περὶ
495 1433 640 1469 ἀγώνων.
685 1433 864 1462 Librorum
889 1433 960 1470 περὶ
984 1432 1117 1469 ἀγώνων
1143 1437 1222 1470 post
1246 1432 1386 1462 Duridis
1410 1431 1515 1463 Samii
1538 1431 1638 1469 (conf.
1662 1432 1797 1471 Fragm.
1822 1431 1909 1461 Hist.
1935 1430 1993 1462 Gr.
2018 1431 2061 1467 II,

275 1489 349 1524 486)
373 1494 406 1518 et
431 1486 629 1517 Callimachi
656 1488 852 1526 exemplum
887 1487 1060 1517 uberrima
1095 1485 1242 1516 effloruit
1274 1486 1382 1525 copia.
1428 1486 1555 1516 Eorum
1591 1492 1750 1516 auctores
1785 1495 2005 1525 nequaquam
2029 1485 2062 1515 in

274 1542 430 1572 ludorum
455 1541 625 1580 institutis,
650 1541 795 1580 legibus,
820 1541 964 1570 historia
987 1540 1222 1571 describendis
1245 1551 1281 1570 se
1307 1541 1536 1575 continebant,
1561 1540 1662 1570 immo
1686 1540 1832 1579 plurima
1855 1549 1992 1579 quoque
2017 1549 2061 1569 ex

275 1596 541 1626 clarissimorum
565 1596 770 1626 athletarum
801 1596 879 1625 vitis
910 1601 943 1625 et
967 1596 1069 1625 rebus
1097 1595 1206 1634 gestis
1236 1595 1408 1624 delibasse
1433 1595 1550 1634 eisque
1573 1594 1715 1624 fioribus
1737 1595 1857 1623 hortos
1881 1603 1960 1623 suos
1983 1603 2060 1624 con-

277 1651 462 1681 decorasse
493 1651 662 1680 videntur.
708 1650 758 1679 Eo
794 1650 939 1689 digitum
963 1650 1029 1679 iam
1066 1649 1209 1679 intendit
1234 1649 1428 1688 Diltheyus,
1452 1649 1553 1680 Anal.
1580 1648 1661 1679 Call.
1685 1658 1715 1687 p.
1738 1649 1787 1683 21,
1822 1648 1935 1678 locum
1971 1657 2062 1678 com-

275 1715 402 1744 parans
437 1715 481 1734 ex
505 1704 679 1734 Theodori
714 1704 951 1743 Hierapolitae
986 1705 1057 1741 περὶ
1092 1704 1226 1740 ἀγώνων
1258 1712 1364 1742 opere
1398 1704 1490 1741 apud
1525 1703 1743 1732 Athenaeum
1767 1701 1813 1736 X,
1841 1702 1911 1735 412,
1943 1712 1971 1741 ey
2005 1701 2063 1731 ubi

275 1765 403 1798 quanta
431 1760 475 1788 ad
498 1759 706 1789 vescendum
730 1759 984 1797 bibendumque
1009 1758 1091 1787 Milo
1117 1757 1319 1788 (jrotoniata
1353 1756 1546 1795 capacitate
1577 1755 1689 1791 fuerit,
1721 1756 1911 1786 luculenter
1935 1755 2060 1785 descri-

274 1813 373 1843 bitur.
419 1812 531 1842 Etiam
555 1823 643 1852 quae
668 1812 794 1842 ibidem
824 1812 985 1842 continuo
1020 1818 1101 1851 post
1137 1813 1179 1842 de
1203 1811 1358 1841 Titormo
1380 1810 1510 1840 Aetolo
1542 1816 1732 1845 narrantur,
1767 1810 1917 1840 indidem
1952 1810 2064 1849 petita

275 1867 481 1897 crediderim
503 1872 704 1906 comparato
728 1866 875 1897 Aeliano
899 1867 980 1897 Var.
1006 1866 1093 1896 Hist.
1118 1866 1199 1902 XII,
1222 1866 1270 1897 22,

425 1920 491 1960 Qui
524 1931 608 1951 vero
644 1921 832 1960 paullulum
867 1920 1072 1959 scriptorum
1106 1920 1240 1950 illorum
1269 1921 1340 1958 περὶ
1368 1919 1502 1956 ἀγώνων
1538 1919 1733 1959 fragmenta
1769 1918 1995 1949 considerarit
2030 1924 2064 1948 et

277 1975 490 2014 expenderit,
515 1985 592 2004 eum
615 1975 736 2014 fugere
759 1975 819 2004 vix
842 1980 967 2014 potest,
1002 1984 1062 2004 eos
1086 1975 1128 2004 de
1153 1975 1359 2004 athletarum
1382 1975 1486 2004 rebus
1517 1974 1627 2013 gestis
1654 1975 1742 2003 hunc
1775 1973 1808 2003 in
1831 1973 1970 2003 modum
1995 1977 2063 2002 tra—

278 2029 416 2064 didisse,
450 2034 486 2058 ut
510 2029 696 2058 secundum
719 2038 849 2068 genera
875 2029 1046 2068 quaedam
1077 2029 1133 2057 vel
1163 2028 1276 2067 capita
1304 2038 1354 2062 ea,
1389 2037 1477 2067 quae
1513 2027 1745 2067 compluribus
1778 2027 1915 2057 athletis
1947 2037 2008 2057 seu
2031 2027 2063 2056 in

277 2083 365 2120 fatis,
401 2093 461 2113 seu
484 2083 517 2112 in
542 2083 632 2112 vitae
656 2083 958 2113 consuetudinibus
991 2083 1184 2113 communia
1219 2088 1252 2112 et
1285 2082 1406 2112 similia
1428 2082 1581 2117 fuissent,
1608 2087 1854 2121 componerent
1878 2088 1911 2111 et
1939 2082 1972 2111 in
1995 2091 2062 2112 uno

277 2142 466 2176 conspectu
490 2137 710 2170 collocarent,
746 2142 782 2166 ut
816 2137 873 2176 qui
902 2138 945 2166 de
977 2137 1170 2167 istiusmodi
1194 2137 1307 2176 aliqua
1341 2147 1378 2167 re
1412 2137 1549 2167 edoceri
1571 2137 1685 2176 vellet,
1718 2140 1813 2166 tanto
1850 2135 2063 2166 commodius

276 2191 390 2221 omnia
412 2191 589 2230 reperiret.
636 2191 713 2221 Hoc
736 2191 784 2220 ita
809 2201 846 2221 se
870 2191 1044 2227 habuisse,
1069 2190 1169 2221 facile
1194 2202 1239 2221 ex
1263 2191 1320 2224 eis.
1352 2201 1441 2230 quae
1466 2192 1508 2221 de
1533 2190 1671 2220 athletis
1695 2191 1788 2229 apud
1811 2195 1972 2220 auctores
1995 2195 2063 2220 tra-

277 2245 348 2275 dita
372 2245 596 2285 reperiuntur,
620 2244 747 2274 firmari
772 2250 897 2283 potest.
942 2245 1060 2275 Pauca
1091 2245 1251 2284 exempla
1275 2255 1347 2275 rem
1371 2245 1597 2276 illustrabunt.
1643 2244 1756 2274 Unum
1780 2254 1824 2274 ex
1854 2254 1894 2274 ea
1918 2244 2063 2274 materia

277 2304 380 2338 caput
401 2298 477 2329 fuit:
501 2299 544 2328 de
568 2299 774 2329 athletarum
799 2299 1008 2332 castimonia.
1034 2299 1122 2330 sive:
1147 2300 1434 2338 quemadmodum
1458 2299 1610 2328 athletae
1631 2308 1757 2329 venere
1780 2297 1831 2328 usi
1855 2303 1978 2328 essent.
2024 2297 2062 2327 In

276 2353 472 2383 universum
500 2363 631 2383 summa
660 2354 867 2383 athletarum
902 2354 1129 2392 temperantia
1161 2358 1194 2383 et
1226 2353 1436 2384 continentia
1458 2352 1737 2392 praedicabatur3
1774 2352 2062 2381 enumerabantur

275 2407 415 2446 aliquot,
448 2408 504 2447 qui
528 2417 669 2447 prorsus
693 2418 712 2437 a
735 2417 862 2437 venere
893 2417 956 2446 per
989 2413 1097 2438 totam
1121 2409 1226 2438 vitam
1250 2407 1505 2438 abstinuissent.
1550 2406 1626 2437 Res
1660 2407 1736 2445 ipsa
1771 2412 1841 2436 tam
1874 2405 1919 2435 ad
1953 2410 2061 2435 artem
