2236 2979
1076 264 1094 294 3

722 404 778 437 III.
822 403 998 436 ORDINIS
1020 403 1440 435 IVRECONSVLTORVM

869 480 894 510 1.
926 478 1121 517 Professores
1142 478 1299 509 ordinarii

191 544 308 577 HVGO
331 544 617 576 HAELSCHNER
640 545 693 575 Dr.
728 544 883 576 Privatim
900 545 922 575 I.
947 545 1000 576 Ius
1017 545 1269 576 ecclesiasticum
1284 545 1548 585 Evangelicorum
1563 550 1610 577 ter
1623 557 1652 586 p.
1670 546 1697 577 11.
1714 546 1742 577 h.
1758 554 1821 578 VIII
1838 546 1974 579 docebit.

295 600 337 630 II.
360 599 412 630 Ius
436 602 569 630 naturae
590 599 658 630 sive
681 598 918 639 philosophiam
937 599 1020 639 juris
1045 598 1148 629 tradet
1169 599 1338 638 quinquies
1363 609 1392 639 p.
1417 599 1445 629 11.
1468 599 1498 630 11.
1522 607 1567 630 IX.

191 652 378 685 IOANNES
412 652 667 684 FRIDERICVS
700 660 748 683 DE
774 652 968 684 SCHVLTE
1000 653 1054 683 Dr.
1099 652 1315 684 Privatissime
1344 656 1371 684 et
1401 654 1504 692 yratis
1536 654 1558 684 Ι.
1604 655 1640 685 In
1675 655 1847 686 seminario
1883 656 1970 695 regio

276 707 521 739 exercitationes
542 707 620 738 iuris
643 707 818 746 germanici
852 710 883 738 et
917 707 1095 738 mercator-ii
1123 707 1339 738 moderabitur
1372 707 1401 738 d.
1426 708 1491 738 Sat.
1517 707 1544 738 h.
1569 716 1709 739 VIII——X
1748 708 1904 740 Privatim
1930 709 1970 740 II.

275 762 328 792 Ius
352 762 511 801 privatum
532 761 747 801 germanicum
771 760 896 791 docebit
918 761 1090 800 quinquies
1115 760 1143 790 11.
1169 768 1214 791 IX.
1261 761 1318 792 111.
1343 761 1396 792 Ius
1414 761 1665 792 ecclesiasticum
1690 761 1922 794 Catholicorum
1942 767 1974 794 et

277 815 541 855 Evangelicorum
565 814 689 845 docebit
711 814 880 853 quinquies
904 814 933 846 h.
957 822 1030 845 VIII.

192 869 435 900 GVILELMVS
468 868 708 899 ENDEMANN
737 868 791 898 Dr.
834 867 962 899 Publice
984 869 1006 899 I.
1040 869 1225 899 Processum
1249 869 1378 900 civilem
1408 869 1695 900 extraordinarium
1723 870 1826 901 tradet
1850 870 1878 901 d.
1906 871 1974 902 Sat.

274 923 302 955 h.
324 931 384 954 XII.
428 923 583 954 Privatim
606 923 645 953 II.
679 923 866 954 Processum
899 922 1026 953 civilem
1060 922 1254 953 ordinarium
1286 922 1413 954 docebit
1436 928 1549 962 quater
1577 923 1658 954 dieb.
1684 923 1760 954 Luu.
1786 924 1876 955 Mart.
1903 925 1968 956 Iov.

275 977 351 1008 Ven.
374 977 402 1007 h.
425 984 472 1007 XI.
517 977 574 1008 III.
600 977 787 1008 Processum
821 986 992 1007 concursus
1030 976 1077 1007 bis
1102 976 1184 1007 dieb.
1209 976 1303 1008 Merc.
1337 980 1367 1008 et
1390 977 1455 1008 Sat.
1489 977 1516 1007 h.
1540 985 1586 1008 XI.
1632 977 1683 1008 IV.
1720 977 1774 1009 Ius
1807 978 1969 1018 publicum

274 1031 464 1062 Germaniae
488 1030 658 1070 quinquies
684 1030 712 1060 h.
737 1038 797 1061 XII.

190 1085 412 1116 AVGVSTVS
435 1084 671 1115 BECHMANN
694 1084 748 1115 Dr.
784 1083 1000 1114 Privatissime
1024 1087 1051 1114 et
1073 1085 1174 1124 qratis
1197 1084 1220 1114 I.
1245 1085 1281 1115 Iu
1305 1085 1483 1116 Seminario
1508 1086 1596 1126 regio
1620 1086 1865 1117 exercitationes
1890 1086 1968 1117 iuris

275 1139 380 1170 civilis
405 1138 558 1173 instituet,
583 1138 611 1168 d.
636 1138 713 1169 Ven.
738 1138 766 1168 11.
790 1145 812 1168 V
836 1141 866 1169 et
888 1145 934 1168 VI.
980 1137 1134 1169 Privatim
1158 1139 1197 1169 II.
1233 1138 1453 1170 Institutiones
1483 1143 1513 1169 et
1545 1138 1711 1170 historiam
1743 1139 1822 1170 iuris
1846 1139 1974 1170 docebit

273 1192 379 1231 quinis
404 1191 517 1223 diebus
541 1191 569 1222 h.
592 1199 616 1222 X
639 1195 669 1222 et
690 1198 735 1222 XI.

190 1245 450 1277 HERMANNVS
473 1245 670 1277 HVEFFER
692 1245 746 1276 Dr.
792 1245 919 1276 Publice
943 1246 966 1276 Ι.
1002 1246 1054 1277 Ius
1078 1246 1233 1277 bonorum
1254 1247 1542 1278 ecclesiasticorum
1558 1250 1621 1277 tam
1638 1256 1677 1277 ex
1694 1246 1772 1277 iuris
1794 1247 1969 1278 communis

272 1310 367 1339 quam
389 1310 428 1331 ex
451 1300 661 1331 recentiorum
684 1299 922 1339 legislationum
955 1300 1110 1340 imprimis
1135 1301 1304 1331 Borussiae
1329 1304 1360 1331 et
1384 1300 1627 1340 Francogalliae
1651 1301 1832 1340 praeceptis
1867 1301 1972 1333 tradet

271 1353 323 1385 die
344 1354 434 1385 Mart.
457 1357 488 1385 et
510 1354 574 1385 Iov.
599 1353 627 1384 h.
651 1361 682 1385 V.
727 1353 884 1384 Privatim
907 1354 947 1385 II.
983 1354 1035 1385 Ius
1058 1355 1201 1393 gentium
1226 1358 1337 1394 quater
1360 1365 1389 1394 p.
1413 1355 1442 1385 h.
1466 1354 1494 1385 h.
1519 1361 1557 1385 XI
1581 1358 1726 1394 exponet.

191 1406 418 1439 CONRADVS
442 1408 665 1439 HVBERTVS
688 1407 804 1439 HVGO
828 1407 1023 1439 LOERSCH
1046 1408 1100 1439 Dr.
1134 1408 1260 1439 Publice
1283 1409 1305 1439 Ι.
1329 1408 1503 1439 Historiam
1524 1407 1657 1439 fontium
1682 1409 1760 1439 iuris
1785 1408 1969 1440 Germanici

272 1462 376 1494 tradet
399 1462 428 1493 d.
452 1462 546 1493 Merc.
572 1461 600 1492 11.
618 1469 664 1493 IX.
706 1461 863 1493 Privatim
886 1462 926 1492 II.
959 1462 1134 1493 Historiam
1168 1462 1247 1494 iurIs
1283 1466 1313 1494 et
1340 1462 1466 1502 imperii
1491 1461 1675 1493 Germanici
1699 1462 1827 1493 docebit
1850 1462 1965 1494 diebus

273 1516 350 1548 Lun.
374 1516 463 1547 Mart.
487 1516 550 1547 Iov.
573 1515 651 1547 Ven.
676 1515 705 1546 11.
731 1523 778 1547 IX.
822 1516 878 1546 III.
912 1516 965 1547 Ius
988 1517 1210 1547 mercatorium
1240 1520 1270 1548 et
1295 1516 1486 1547 marItimum
1519 1519 1656 1555 exponet
1686 1516 1857 1555 quinquies
1887 1516 1973 1548 dieb.

273 1570 350 1601 Lun.
373 1570 462 1601 Mart.
486 1570 579 1601 Merc.
604 1570 668 1601 Iov.
692 1570 768 1601 Ven.
792 1569 822 1601 h.
845 1577 878 1601 X.

189 1624 409 1656 ERNESTVS
442 1624 692 1655 ZITELMANN
719 1624 773 1655 Dr.
827 1623 1042 1655 Privatissime
1064 1627 1091 1655 et
1122 1625 1224 1665 qratis
1253 1625 1276 1655 Ι.
1328 1624 1362 1655 In
1389 1625 1559 1656 seminario
1593 1625 1680 1665 regio
1714 1625 1858 1656 societati
1892 1626 1971 1656 iuris

271 1679 405 1710 Romani
425 1679 565 1719 praeerit
587 1678 640 1710 die
664 1678 754 1709 Mart.
778 1678 806 1709 h.
828 1686 865 1709 VI
888 1682 919 1710 et
941 1687 1001 1710 VII.
1046 1679 1202 1710 Privatim
1224 1680 1264 1710 II.
1299 1679 1347 1710 Ex
1363 1679 1595 1710 pandectarum
1615 1683 1704 1719 parte
1721 1679 1827 1719 priore
1843 1682 1967 1719 partem

271 1733 451 1773 generalem
474 1736 505 1763 et
527 1733 575 1763 ius
599 1732 684 1772 quod
707 1732 748 1763 ad
770 1742 821 1763 res
840 1733 978 1772 pertinet
1001 1733 1106 1765 tradet
1128 1733 1157 1764 d.
1181 1733 1270 1764 Mart.
1288 1733 1352 1764 Iov.
1375 1733 1451 1764 Ven.
1476 1732 1504 1763 h.
1529 1739 1566 1763 XI
1592 1736 1622 1764 et
1645 1740 1704 1763 XII.
1738 1733 1793 1763 III.
1817 1733 1863 1763 Ex
1884 1733 1968 1764 Pan-

274 1786 436 1818 dectarum
470 1790 559 1827 parte
582 1787 758 1827 posteriore
782 1787 830 1817 ius
854 1786 1081 1818 hereditarium
1106 1787 1233 1818 docebit
1257 1787 1286 1817 d.
1312 1786 1400 1818 Mart.
1424 1787 1488 1817 Iov.
1514 1786 1590 1817 Ven.
1616 1786 1644 1816 h.
1670 1794 1742 1817 VIII.
1788 1786 1841 1817 IV.
1872 1787 1971 1818 Exer—

276 1841 443 1872 citationes
467 1841 651 1881 exegeticas
676 1841 819 1872 instituet
842 1841 872 1871 d.
898 1841 975 1872 Lun.
999 1848 1020 1871 V
1042 1844 1072 1871 et
1096 1848 1143 1871 VI.

813 1945 841 1975 2.
885 1944 1082 1983 Professores
1104 1944 1351 1976 extraordinaria·

191 2010 412 2042 ALFREDVS
437 2010 696 2043 NICOLOVIVS
722 2011 776 2042 Dr.
800 2011 925 2042 scholas
949 2021 1011 2042 non
1035 2010 1175 2042 habebit.

190 2064 411 2097 RVDOLFVS
435 2065 759 2097 KLOSTERMANN
781 2065 836 2096 Dr.
880 2065 1007 2096 Publice
1032 2065 1055 2095 I.
1102 2066 1149 2097 De
1174 2066 1286 2106 poenis
1309 2076 1328 2096 a
1350 2065 1590 2105 magistratibus
1623 2064 1809 2096 ordinandis
1843 2066 1892 2096 vel
1928 2066 1973 2096 in-

271 2118 417 2159 fligendis
441 2119 578 2151 disseret
601 2119 628 2150 d.
654 2120 746 2151 Merc.
764 2119 794 2150 h.
812 2126 858 2151 IX.
904 2118 1061 2150 Privatim
1085 2119 1125 2149 II.
1152 2119 1205 2150 Ius
1228 2118 1512 2150 administrationis
1537 2118 1641 2149 tradet
1669 2118 1752 2149 dieb.
1777 2118 1855 2149 Lun.
1881 2118 1972 2150 Mart.

276 2174 341 2205 Iov.
365 2177 396 2205 et
418 2174 495 2205 Ven.
520 2174 548 2205 h.
572 2182 617 2205 IX.

189 2227 444 2259 FRIDERICVS
470 2227 644 2259 OETKER
667 2229 721 2259 Dr.
756 2228 973 2259 Privatissime
996 2230 1024 2259 et
1047 2228 1149 2267 qratis
1174 2228 1196 2258 Ι.
1234 2228 1270 2258 111
1293 2227 1463 2258 seminario
1494 2227 1582 2267 regio
1616 2227 1858 2258 exercitationes
1896 2227 1972 2258 iuris

273 2281 449 2312 criminalis
471 2281 690 2313 moderabitur
712 2282 740 2313 d.
764 2282 830 2313 Iov.
854 2282 882 2313 h.
900 2289 1054 2313 VI—VIII.
1098 2281 1253 2313 Privatim
1280 2282 1320 2312 II.
1350 2282 1402 2313 Ius
1433 2282 1566 2322 poenale
1597 2281 1820 2312 Germanicum
1848 2280 1973 2312 docebit

273 2336 444 2375 quinquies
469 2335 496 2366 h.
519 2343 551 2367 X.
597 2336 653 2367 III.
678 2337 865 2368 Processum
889 2337 1087 2368 criminalem
1112 2336 1240 2368 docebit
1263 2340 1376 2376 quater
1398 2336 1426 2367 h.
1450 2343 1497 2367 XI.
