2236 2979
1081 272 1119 303 X

215 375 364 415 speciem
389 373 634 413 patrocinatus,
658 373 780 403 civium
797 372 1002 403 seditionem
1019 372 1261 413 oppressisset,
1284 373 1397 412 ipsum
1420 383 1482 403 sua
1504 383 1606 404 manu
1628 375 1837 413 reipublicae
1860 376 1994 405 clavom

217 429 407 468 regendum
432 427 718 466 adprehendisse:
747 427 791 464 ὡς
815 427 1014 465 ἐπεκράτησε
1046 427 1128 468 μάχῃ
1155 428 1220 458 τῶν
1245 428 1388 467 Γελῴων,
1421 426 1498 465 ἦρχε
1529 427 1628 466 αὐτὸς
1658 428 1887 467 ἀποστερήσας
1918 429 1995 467 τοὺς

213 481 437 520 Ἱπποκράτεος
460 483 587 519 παῖδας.
632 480 729 511 Haec
752 480 845 511 facta
869 491 946 511 esse
969 481 1071 511 tertio
1095 481 1204 511 ferme
1227 490 1316 510 anno
1339 485 1420 519 post
1435 490 1588 520 pugnam
1611 482 1654 511 ad
1670 481 1836 512 Helorum
1854 482 1995 512 fluvium

214 536 354 573 (Herod.
384 535 461 569 VII,
480 535 559 573 154),
583 535 650 565 hoc
674 540 727 565 est
743 535 787 565 ol.
809 535 858 570 72,
875 536 893 565 2
917 536 968 571 (=
982 535 1067 573 491),
1090 539 1220 565 certum
1244 540 1305 565 est.
1350 534 1449 574 Quae
1465 544 1542 564 cum
1564 534 1611 564 ita
1636 535 1711 575 sint,
1734 536 1816 575 quid
1832 537 1994 576 sequitur,

218 589 281 620 nisi
304 594 339 619 ut
362 588 556 618 Pausaniae
585 588 677 618 illam
700 588 932 618 coniecturam
957 589 1000 618 de
1023 588 1164 623 Gelone,
1188 588 1390 618 Dinomenis
1412 587 1498 623 filio,
1521 588 1659 619 homine
1682 589 1833 628 privato,
1860 591 1997 629 tyranni

215 645 434 682 homonymo,
458 651 521 681 pro
546 651 587 671 ea
609 642 809 679 habeamus,
833 652 922 681 quae
945 652 1087 681 prorsus
1110 642 1216 672 invita
1239 642 1395 672 Minerva
1418 641 1511 672 faeta
1534 642 1599 673 sit?

294 764 320 794 8.
367 762 443 802 Quo
467 763 585 793 ordine
608 763 641 793 in
665 763 971 803 Olympionicarum
995 764 1197 803 anagrapha
1219 764 1357 794 nomina
1379 764 1549 794 victorum
1572 764 1766 804 perscripta
1787 764 1920 796 fuerint.

447 817 556 848 Unius
579 817 657 847 anni
680 818 722 847 ol.
750 818 806 848 177
823 832 864 844 z
888 818 926 848 72
951 828 979 847 a.
1005 817 1082 847 Chr.
1108 817 1276 847 victorum
1299 818 1404 848 index
1428 817 1563 857 integer
1586 823 1753 849 servatus.

362 900 434 932 Sed
450 901 620 931 interdum
643 906 712 931 tarn
728 902 878 941 benigne
901 901 1022 932 studiis
1046 901 1175 931 nostris
1198 900 1271 931 fata
1285 900 1519 940 providerunt,
1545 905 1581 930 ut
1606 910 1650 930 ex
1672 901 1756 940 ipsis
1780 900 1997 941 antiquorum

215 955 418 994 scriptorum
440 955 615 985 erroribus
637 965 699 985 nec
724 955 853 994 opinati
876 955 1006 986 fructus
1029 955 1146 995 colligi
1169 955 1311 994 possint.
1358 954 1458 985 Cadit
1479 955 1546 984 hoc
1569 953 1708 984 mirifice
1729 955 1831 994 plane
1853 955 1885 984 in
1908 956 1998 985 hunc

217 1010 331 1040 locum
354 1009 557 1048 Pausaniae,
593 1009 649 1048 qui
673 1009 828 1049 scriptor,
853 1010 933 1039 dum
962 1009 1174 1039 eruditorum
1197 1008 1271 1038 orbi
1294 1008 1474 1038 ridendum
1503 1018 1540 1038 se
1563 1008 1733 1047 propinat,
1767 1013 1898 1038 tantum
1921 1019 1997 1048 pro-

215 1063 306 1093 fecto
330 1063 407 1093 huic
429 1063 621 1102 quaestioni
643 1063 909 1093 emolumentum
931 1063 1054 1102 attulit,
1084 1068 1120 1092 ut
1144 1072 1342 1092 maxumam
1367 1062 1469 1093 etiam
1490 1063 1639 1102 gratiam
1662 1072 1725 1102 pro
1756 1062 1813 1092 illa
1836 1073 1898 1092 sua
1921 1063 1998 1093 sim-

214 1117 367 1156 plicitate
391 1122 543 1146 nostram
567 1116 686 1146 inierit.
731 1117 820 1147 Nam
842 1127 943 1147 nemo
967 1118 1074 1148 semel
1099 1117 1294 1147 admonitus
1319 1127 1386 1146 non
1409 1117 1671 1150 animadvertet,
1694 1127 1857 1156 magnam
1879 1117 1912 1147 in
1934 1117 1999 1147 illis

215 1171 407 1200 Pausaniae
432 1170 604 1200 erroribus
627 1171 738 1200 lucem
767 1171 879 1201 inesse
903 1172 946 1201 ad
969 1181 1045 1202 eam
1069 1171 1306 1210 quaestionem
1323 1171 1584 1209 diiudicandam,
1609 1181 1629 1200 a
1652 1181 1720 1210 qua
1743 1171 1775 1200 in
1798 1172 1863 1202 hac
1884 1171 1998 1211 dispu-

214 1225 342 1254 tatione
368 1224 511 1263 primum
536 1223 681 1263 profecti
706 1234 820 1254 sumus
848 1230 882 1254 et
905 1225 1000 1255 cuius
1030 1235 1153 1255 caussa
1183 1224 1291 1254 omnis
1315 1225 1401 1255 haec
1428 1235 1535 1264 opera
1557 1230 1717 1264 suscepta
1741 1230 1802 1255 est.
1847 1224 1998 1263 Quaere-

214 1279 335 1308 bamus
360 1279 402 1308 de
431 1288 528 1312 anno,
565 1288 633 1317 quo
657 1278 764 1308 Hiero
788 1279 937 1317 priorem
960 1279 1142 1309 victoriam
1177 1279 1353 1309 celeticam
1376 1284 1496 1308 nactus
1521 1284 1620 1309 esset.
1666 1278 1751 1308 Eum
1785 1289 1908 1308 annum
1941 1284 1999 1308 aut

215 1333 254 1362 ol,
281 1333 318 1362 73
343 1339 394 1370 t:
411 1332 493 1370 488³,
520 1337 577 1361 aut
601 1333 640 1363 ol.
666 1333 704 1363 76
730 1338 780 1361 s=
798 1333 871 1369 476)
897 1344 973 1363 esse
997 1334 1136 1365 debere,
1160 1333 1334 1362 inventum
1358 1332 1479 1362 fuerat.
1525 1332 1596 1362 Iam
1629 1333 1787 1372 profecto
1820 1333 1999 1372 egregium

215 1392 434 1424 momentum,
458 1385 522 1415 nisi
548 1386 704 1419 fallimur,
737 1387 883 1417 accessit
914 1388 958 1417 ad
981 1388 1069 1417 hanc
1098 1388 1369 1418 controversiam
1407 1387 1642 1417 dirimendam.
1687 1387 1875 1427 Fingamus
1911 1388 1998 1417 enim

214 1450 331 1470 verum
357 1440 441 1469 illud
469 1450 554 1473 esse,
587 1441 680 1479 quod
704 1441 808 1471 tradit
833 1440 1028 1472 Scholiasta
1053 1442 1097 1471 ad
1120 1441 1215 1471 Pind.
1240 1441 1291 1472 Ol.
1315 1441 1329 1470 Ι
1350 1441 1484 1471 introd.:
1531 1441 1719 1471 Hieronem
1744 1441 1853 1471 celete
1876 1441 2000 1472 vicisse

217 1504 305 1524 anno
331 1494 373 1524 ol.
392 1494 430 1524 73
455 1496 506 1527 (z
523 1495 607 1524 488).
652 1494 728 1524 Hoc
749 1495 873 1534 posito,
896 1495 1054 1534 quoniam
1077 1497 1199 1525 eodem
1223 1506 1311 1525 anno
1336 1495 1423 1525 Gelo
1448 1505 1586 1534 quoque
1609 1495 1689 1525 vicit
1712 1495 1826 1535 (Paus.
1840 1496 1899 1534 VI,
1916 1497 1944 1536 9,
1956 1495 2000 1536 4),

213 1549 246 1578 in
270 1548 474 1587 anagrapha
497 1548 813 1588 olympionicarum,
848 1550 880 1579 in
906 1550 1113 1589 olympiadis
1135 1551 1173 1580 73
1208 1550 1375 1580 victorum
1410 1550 1520 1580 indice
1545 1560 1716 1589 proxume
1742 1556 1822 1589 post
1848 1549 2000 1585 Gelonis,

214 1602 416 1632 Dinomenis
441 1601 508 1634 filii.
534 1603 716 1632 victoriam
741 1604 891 1633 curulem
908 1604 1101 1643 perscripta
1125 1614 1201 1634 esse
1219 1604 1336 1633 debuit
1360 1603 1475 1633 fratris
1498 1603 1580 1638 eius,
1604 1604 1774 1638 Hieronis,
1797 1604 2001 1635 Dinomenis

214 1656 282 1691 filii,
307 1656 451 1686 victoria
474 1657 626 1687 celetica.
673 1657 760 1687 Nam
784 1657 812 1688 is
838 1664 911 1688 erat
935 1659 1020 1688 ordo
1045 1658 1267 1688 certaminum
1298 1657 1487 1687 victricium
1519 1658 1551 1687 in
1575 1659 1776 1697 anagrapha
1800 1658 2001 1698 olympioni-

215 1720 341 1745 carum,
367 1716 403 1739 ut
426 1716 507 1749 post
533 1710 715 1742 hominum.
742 1711 892 1741 virorum
915 1722 1181 1751 puerorumque,
1207 1711 1394 1741 certamina
1418 1712 1582 1741 victoriae
1599 1717 1777 1751 equestres
1794 1722 2002 1743 commemo-

213 1770 379 1799 rarentur,
408 1764 554 1803 primum
570 1775 641 1800 eae,
666 1775 755 1804 quae
773 1766 953 1805 quadriga,
978 1766 1102 1796 deinde
1119 1776 1207 1805 quae
1231 1766 1351 1803 celete,
1375 1776 1464 1805 quae
1477 1765 1569 1804 biga,
1593 1775 1697 1804 porro
1721 1775 1810 1804 quae
1832 1767 2001 1805 pullorum

214 1818 413 1857 equinorum
441 1819 611 1858 quadriga
635 1824 669 1849 et
693 1819 785 1859 biga,
819 1820 1058 1859 pullorumque
1087 1820 1233 1859 denique
1265 1820 1375 1849 celete
1404 1825 1526 1858 partae
1560 1825 1682 1850 essent.
1726 1820 1891 1850 Novimus
1914 1822 2002 1851 hunc

217 1872 383 1904 ordinem,
408 1872 518 1911 qualis
541 1872 652 1910 fuerit,
678 1883 721 1902 ex
746 1873 843 1903 unius
861 1874 938 1903 anni
961 1874 1071 1904 indice
1094 1874 1272 1913 victorum,
1296 1873 1352 1912 qui
1375 1873 1498 1912 plenus
1522 1878 1555 1903 et
1578 1873 1714 1913 integer
1740 1875 1784 1904 ad
1806 1884 1869 1904 nos
1893 1879 2002 1905 trans·

214 1927 337 1956 missus
363 1932 424 1961 est,
451 1926 528 1956 anni
552 1927 595 1957 ol.
620 1927 677 1957 177
702 1930 754 1964 (z
769 1928 807 1958 72
821 1937 850 1959 a.
865 1928 965 1967 Chr.)‚
990 1938 1092 1968 quem
1109 1934 1289 1967 acceptum
1306 1927 1484 1958 referimus
1497 1928 1632 1963 photio,
1657 1928 1714 1967 qui
1739 1938 1815 1958 eum
1829 1929 2003 1968 excerpsit

216 1991 260 2010 ex
284 1980 492 2019 Phlegontis
521 1981 699 2016 Tralliani,
728 1981 895 2011 Hadriani
925 1982 1144 2021 imperatoris
1174 1982 1297 2017 liberti,
1322 1992 1442 2021 opere:
1486 1982 1740 2020 Ὀλυμπιονικῶν
1767 1983 1818 2013 καὶ
1848 1985 2003 2021 χρονικῶν

214 2035 385 2072 συναγωγή
419 2034 506 2065 conf.
530 2035 669 2074 Fragm.
701 2035 778 2066 hist.
802 2034 860 2066 Gr.
884 2037 935 2066 ed.
960 2036 1074 2067 Muell.
1094 2037 1153 2072 ΙΙΙ,
1179 2037 1248 2067 606.
1293 2036 1345 2066 Ibi
1379 2041 1459 2075 post
1494 2042 1707 2075 postremum
1730 2037 1903 2067 hominum
1933 2047 2004 2068 cer-

213 2094 339 2121 tamen,
366 2089 384 2119 i.
409 2099 437 2119 e.
462 2095 540 2128 post
563 2099 749 2128 puerorum
772 2091 974 2129 pancration
996 2092 1106 2122 hunce
1130 2092 1287 2121 ludorum
1306 2091 1515 2130 equestrium
1533 2091 1688 2122 ordinem
1712 2092 1872 2131 legimus:
1900 2092 2004 2130 Κάλας

215 2143 339 2181 Ἠλεῖος
363 2143 559 2181 παγκράτιον
582 2144 714 2175 παίδων.
738 2143 749 2183 Η
770 2139 999 2183 Ἀριστόλοχος
1020 2145 1145 2184 Ἠλεῖος
1168 2147 1349 2184 τέθριππον.
1376 2144 1387 2184 Η
1414 2141 1592 2183 Ἀγήμονος
1617 2145 1742 2176 Ἠλείου
1771 2147 1874 2183 κέλης.
1895 2145 1907 2185 Η
1935 2143 2004 2176 Ἑλ-

217 2198 346 2228 λανίκου
373 2192 499 2228 Ἠλείου
523 2198 671 2235 συνωρίς.
711 2197 722 2237 Η
757 2198 821 2229 Τοῦ
844 2199 944 2230 αὐτοῦ
966 2200 1139 2238 τέθριππον
1160 2200 1309 2231 πωλικόν.
1346 2199 1358 2238 Η
1395 2200 1509 2237 Κλητία
1532 2199 1655 2230 Ἠλείου
1678 2201 1798 2237 πωλικὴ
1823 2200 1971 2238 συνωρίς.
1994 2200 2006 2240 Η

218 2251 400 2282 Καλλίππου
423 2251 546 2289 Πηλίου
570 2248 749 2289 (((Τηλίου”
773 2262 834 2282 em.
857 2251 1028 2292 Rutgers)
1053 2255 1193 2292 πωλικὸς
1214 2254 1316 2292 κε’λης.
