2236 2979
1021 265 1115 294 XXI

178 369 269 399 fame
292 377 408 397 rursus
432 372 466 396 et
488 365 626 404 frugum
650 366 766 405 inopia
789 365 949 395 immissa.
993 364 1066 394 Iam
1091 364 1191 394 Locri
1213 365 1397 403 perdomiti
1421 371 1454 395 et
1477 365 1619 396 meliora
1643 365 1757 395 edocti
1781 366 1825 395 ad
1839 375 1958 396 oracu-

177 422 246 452 lum
278 430 395 451 rursus
427 420 634 459 confugiunt,
668 420 762 450 cuius
792 420 860 449 hoc
882 427 1085 457 responsum
1109 418 1274 448 tulerunt:
1302 418 1379 448 Eus.
1402 419 1421 449 1.
1445 429 1469 449 S.
1494 418 1511 454 ,S
1536 420 1591 449 15:
1616 419 1650 449 ἐν
1672 421 1742 458 τιμῇ
1766 419 1823 450 τὸν
1846 418 1958 456 ἄτιμον

177 475 259 513 ἔχων
281 475 354 506 τότε
377 476 436 511 γῆν
462 474 650 512 ἀναρώσεις.
1703 465 1706 468 ⁴

325 527 402 558 Hae
436 528 540 567 igitur
573 533 644 557 tres
675 527 889 557 narrationes
925 526 1013 556 inter
1045 536 1082 556 se
1114 525 1305 555 simillimae
1328 532 1361 555 et
1385 526 1537 556 eiusdem
1562 536 1680 556 omnes
1704 526 1801 565 quasi
1827 527 1958 557 consilii

177 583 385 621 interpretes
407 581 637 621 fragmentum
659 582 751 611 haud
775 581 878 610 dubie
902 586 978 610 sunt
1001 580 1177 619 amplioris
1202 579 1377 610 cuiusdam
1401 580 1561 619 catalogi,
1586 590 1653 619 quo
1678 590 1797 610 eorum
1813 581 1958 611 athleta—

177 646 262 671 rum,
279 636 337 675 qui
357 642 438 675 post
460 640 607 665 mortem
631 634 753 664 divinis
775 634 963 664 honoribus
987 633 1140 664 decorati
1164 639 1288 671 essent,
1305 633 1469 663 memoria
1482 635 1760 672 percensebatur.
1785 634 1843 664 Ad
1854 635 1957 665 talem

178 690 328 729 aliquem
352 690 551 728 catalogum
580 688 777 719 Callimachi
803 698 939 727 quoque
963 688 1055 727 apud
1078 687 1223 717 Plinium
1246 687 1323 725 VH,
1345 687 1362 725 ξ
1388 688 1446 717 152
1471 688 1514 716 de
1537 686 1709 726 Euthymo
1733 689 1884 718 narratio
1907 698 1958 718 re-

179 745 337 774 vocanda
361 751 422 775 est.
467 743 585 782 Atque
609 753 684 773 cum
707 752 811 781 supra
833 752 853 771 a
875 742 976 772 nobis
999 742 1271 772 demonstratum
1295 741 1347 775 sit,
1383 746 1539 771 auctores
1561 742 1632 779 περὶ
1657 741 1792 777 ἀγώνων
1815 742 1958 773 athleta-

178 808 252 828 rum
268 798 341 828 fata
359 798 545 828 secundum
561 803 656 827 certa
672 806 785 826 rerum
806 806 936 835 genera
958 802 992 826 et
1015 796 1129 834 capita
1152 805 1343 829 enarrasse,
1365 801 1401 825 ut
1423 795 1630 825 luculentum
1656 796 1958 826 demonstrationis

178 858 320 882 nostrae
342 851 490 882 fructum
512 852 578 881 hoc
600 851 667 880 iarn
690 859 888 890 proponere
910 850 1042 880 licebit:
1080 848 1292 879 Oenomaum
1314 849 1420 888 ipsius
1434 848 1635 892 §allimachi
1652 849 1771 888 copias
1788 850 1960 880 delibasse

178 912 214 937 et
236 906 268 936 in
291 916 388 935 usum
411 915 508 935 suum
531 905 752 935 convertisse.

368 1009 416 1040 19.
459 1009 498 1038 In
524 1008 734 1048 anagraphis
757 1008 825 1038 iam
850 1007 1155 1047 olympionicarum
1180 1008 1373 1038 summatim
1398 1009 1440 1038 de
1464 1008 1669 1038 athletarum
1693 1007 1772 1038 fatis

564 1068 598 1092 et
620 1062 720 1092 factis
744 1062 907 1092 traditum
931 1061 1053 1095 fuisse3
1077 1061 1251 1100 copiosius
1274 1062 1361 1091 hanc
1386 1062 1565 1092 materiam

747 1122 908 1145 auctores
931 1115 1001 1153 περὶ
1025 1114 1161 1151 ἀγώνων
1186 1115 1389 1145 excoluisse.

327 1192 398 1221 Iam
423 1192 450 1221 si
475 1191 593 1221 oculos
616 1196 711 1221 retro
735 1196 920 1224 vertamus,
955 1200 1057 1219 unum
1079 1197 1262 1229 praeterea
1287 1197 1348 1229 est,
1373 1192 1467 1230 quod
1490 1191 1600 1230 ipsum
1623 1201 1761 1231 quoque
1784 1202 1871 1222 nunc
1894 1193 1962 1222 iam

177 1247 305 1278 certius
329 1253 363 1276 et
385 1245 551 1275 firmatius
574 1245 762 1275 videbitur:
797 1244 1023 1274 Narrationes
1058 1245 1101 1274 de
1136 1246 1341 1274 athletarum
1365 1245 1445 1274 fatis
1468 1252 1502 1275 et
1525 1245 1624 1276 factis
1645 1255 1772 1285 magna
1795 1256 1840 1276 ex
1862 1252 1962 1285 parte

177 1300 320 1330 fluxisse
354 1310 372 1330 e
404 1299 610 1338 scriptorum
644 1299 715 1337 περὶ
749 1298 886 1335 ἀγώνων
921 1298 1094 1337 operibus
1130 1306 1233 1337 atque
1265 1310 1304 1329 ea
1329 1308 1475 1338 quoque,
1500 1309 1589 1338 quae
1612 1299 1804 1330 Pausanias
1828 1310 1872 1330 ex
1896 1302 1962 1330 hoc

177 1364 308 1394 genere
331 1353 414 1383 satis
435 1354 542 1383 multa
566 1358 600 1383 et
625 1353 796 1383 luculenta
812 1353 929 1390 habet,
952 1352 1104 1382 indidem
1129 1353 1310 1392 desumpta
1332 1364 1417 1384 esse.
1441 1352 1512 1384 Sed
1535 1364 1578 1383 ne
1597 1354 1649 1384 cui
1675 1354 1814 1384 nimium
1838 1355 1962 1394 cupide

177 1409 263 1439 haec
280 1407 475 1438 decrevisse
494 1407 680 1441 videamur,
710 1412 762 1436 est
779 1416 861 1436 sane
876 1415 930 1436 res
948 1407 1128 1445 quaedam,
1153 1407 1242 1437 unde
1260 1413 1500 1446 argumentum
1518 1408 1683 1437 adversus
1699 1414 1853 1438 nostram
1870 1409 1962 1438 illam

180 1461 385 1492 sententiam
416 1462 488 1500 peti
522 1461 642 1500 possit.
700 1460 844 1491 Constat
867 1460 965 1495 enim.
996 1462 1030 1490 in
1054 1462 1258 1500 anagrapha
1281 1471 1419 1500 quoque
1442 1461 1761 1501 Olympionicarum,
1785 1462 1895 1501 qualis
1919 1464 1962 1492 ab

179 1515 372 1546 Aristotele
407 1515 440 1545 in
476 1525 582 1554 opere
616 1510 854 1552 Ὀλυμπιονῖκαι
887 1515 942 1544 vel
975 1515 1017 1544 ab
1047 1514 1276 1545 Eratosthene
1299 1515 1481 1554 proposita
1504 1520 1565 1551 est,
1590 1516 1632 1545 de
1657 1516 1963 1555 Olympionicarum

182 1569 254 1599 vita
277 1576 311 1599 et
334 1570 437 1599 rebus
460 1569 570 1608 gestis
595 1569 677 1598 satis
701 1569 841 1607 copiose
867 1569 1063 1608 expositum
1087 1568 1192 1599 fuisse
1216 1575 1250 1598 et
1272 1569 1471 1609 principalis
1495 1569 1581 1599 illius
1609 1570 1784 1606 materiae,
1818 1580 1906 1609 quae
1929 1571 1963 1600 in

183 1623 357 1653 nominum
384 1628 417 1652 et
440 1629 634 1662 temporum
658 1622 824 1652 memoria
849 1624 1021 1652 servanda
1042 1624 1158 1662 posita
1181 1629 1264 1658 erat,
1284 1623 1494 1654 ieiunitatem
1510 1624 1661 1655 historiis
1677 1625 1794 1655 auditu
1809 1625 1964 1655 venustis

183 1682 217 1707 et
239 1676 363 1715 lepidis
385 1676 672 1715 prudentissimos
695 1676 771 1706 illos
794 1676 978 1715 scriptores
1001 1677 1180 1716 mitigasse
1203 1683 1237 1707 et
1259 1678 1422 1708 variasse.

329 1731 406 1760 Hoc
432 1731 479 1760 ita
505 1740 542 1760 se
564 1731 694 1760 habere
723 1741 767 1760 ex
790 1730 866 1760 Iulii
887 1730 1043 1760 Africani
1067 1731 1312 1771 Olympiadum
1334 1733 1538 1772 anagrapha
1565 1733 1674 1772 primo
1706 1733 1770 1762 iam
1795 1734 1964 1772 adspectu

179 1790 287 1824 patet,
319 1783 376 1814 ubi
407 1784 554 1823 plurima
587 1784 631 1813 de
655 1785 757 1814 rebus
781 1785 989 1814 athletarum
1009 1785 1137 1815 inserta
1161 1791 1247 1824 sunt,
1282 1796 1371 1825 quae
1395 1795 1471 1816 cum
1494 1786 1578 1825 ipsa.v
1603 1787 1655 1816 cui
1678 1786 1854 1826 adscripta
1876 1793 1963 1821 sunt,

184 1838 328 1869 victoria
352 1838 446 1867 nullo
470 1837 617 1867 arctiore
640 1837 775 1868 vinculo
796 1838 998 1873 cohaerent;
1022 1839 1118 1868 velut
1139 1840 1182 1869 de
1203 1839 1375 1879 Lygdami
1391 1839 1586 1879 Syracusio,
1603 1841 1848 1879 pancratiasta‚
1865 1841 1907 1871 ol.
1925 1842 1964 1871 33

182 1893 235 1931 (=
259 1892 332 1929 648)
357 1890 465 1922 Africi
488 1893 540 1922 ed.
562 1892 669 1931 Rutg.
693 1902 724 1931 p.
751 1893 800 1922 12:
825 1892 912 1923 ἐνίκα
936 1893 1096 1931 Λύγδαμις
1113 1894 1314 1932 Συρακόσιος
1330 1894 1556 1932 ὑπερμεγέθης,
1573 1895 1610 1932 ὃς
1626 1894 1758 1925 στάδιον
1775 1895 1964 1932 ἐξεμέτρησε

179 1948 249 1984 τοῖς
272 1947 372 1977 αὑτοῦ
396 1947 501 1983 ποσίν,
537 1946 635 1984 μόνος
671 1947 841 1984 ἑξακοσίας
875 1947 1069 1985 παραθέσεις
1099 1947 1328 1985 ποιησάμενος,
1351 1948 1407 1977 vel
1431 1949 1473 1977 de
1498 1947 1738 1987 Polymestore
1761 1958 1868 1987 puero
1893 1957 1964 1978 cur-

181 2010 270 2040 sore,
294 2000 337 2031 ol.
360 2001 400 2030 46
423 2001 477 2038 (Ξ
493 2001 567 2037 596)
591 2000 634 2030 ib.
659 2010 691 2039 p.
717 2001 772 2031 17:
805 2001 855 2031 καὶ
888 2001 1116 2039 Πολυμήστωρ
1144 2001 1301 2039 Μιλήσιος
1323 2002 1445 2032 παίδων
1469 2002 1610 2039 στάδιον,
1635 2002 1672 2040 ὃς
1693 2002 1835 2033 αἰπολῶν
1858 2003 1966 2039 λαγὼν

184 2055 368 2093 κατέλαβεν,
397 2054 453 2084 vel
475 2054 622 2093 denique
647 2055 689 2084 de
706 2054 931 2084 Aristodamo
955 2054 1050 2093 Eleo,
1074 2055 1251 2094 luctatore,
1276 2056 1319 2085 ol.
1342 2055 1381 2086 98
1405 2058 1458 2091 (Ξ
1481 2056 1565 2094 388),
1587 2055 1631 2086 ib.
1655 2065 1687 2094 p.
1705 2056 1757 2085 58:
1781 2051 1966 2093 Ἀριστόδα-

180 2119 239 2146 μος
260 2109 385 2146 Ἠλεῖος
407 2108 518 2146 πάλην,
540 2108 578 2140 οὗ
604 2109 686 2145 μέσα
710 2109 816 2146 οὐδεὶς
840 2109 964 2147 ἔλαβεν.
1011 2108 1117 2147 Apud
1140 2108 1342 2139 Africanum
1364 2110 1451 2140 haec
1474 2109 1507 2138 in
1529 2109 1668 2139 brevius
1685 2115 1861 2139 contracta
1877 2116 1964 2143 sunt,

181 2171 270 2202 quae
293 2162 385 2201 apud
403 2162 557 2201 potiores
582 2162 779 2201 scriptores,
805 2162 929 2201 quibus
952 2172 1019 2192 non
1044 2173 1221 2193 cursorum
1246 2168 1388 2201 tantum,
1411 2164 1472 2193 sed
1496 2163 1645 2193 omnium
1661 2163 1964 2202 olympionicarum

179 2215 318 2245 nomina
354 2216 570 2254 perscribere
607 2216 825 2255 propositum
857 2223 958 2251 esset,
995 2217 1121 2256 quique
1155 2217 1292 2247 omnino
1316 2223 1426 2247 totam
1448 2218 1537 2247 hanc
1560 2218 1740 2247 materiam
1763 2216 1965 2247 luculentius

181 2270 418 2300 exornandam
443 2269 507 2299 sibi
530 2269 765 2308 sumpsissent,
790 2271 896 2300 multo
921 2271 1092 2309 copiosius
1116 2277 1276 2301 enarrata
1300 2278 1407 2302 erant.
1450 2271 1617 2302 Attamen
1639 2281 1708 2301 non
1732 2271 1893 2303 adducor.
1930 2277 1966 2300 ut

181 2323 304 2362 omnia,
330 2333 419 2362 quae
443 2324 485 2353 de
509 2324 714 2353 athletarum
737 2325 840 2354 rebus
864 2324 973 2363 gestis
996 2330 1029 2354 et
1052 2325 1123 2354 vita
1146 2330 1337 2359 narrantur,
1359 2330 1429 2354 tam
1451 2325 1554 2364 plene
1577 2325 1609 2354 in
1634 2325 1836 2364 anagrapha
1859 2334 1966 2363 expo-

180 2377 246 2407 sita
271 2376 376 2407 fuisse
399 2377 547 2408 credam.
592 2377 678 2407 Tam
701 2378 805 2417 longe
829 2388 849 2407 a
874 2387 974 2408 cursu
997 2379 1177 2418 proposito
1202 2378 1429 2409 Aristotelem
1452 2379 1508 2408 vel
1528 2379 1793 2409 Eratosthenem
1811 2379 1967 2418 expatia—
