2236 2979
1006 281 1133 312 XXIII

179 384 344 414 iecturam
367 383 528 422 probavit
550 388 584 412 et
607 383 820 422 argumentis
841 382 978 413 firmare
1003 383 1133 413 studuit
1154 383 1304 422 Joannes
1326 384 1484 424 Rutgers
1507 386 1541 415 in
1563 387 1859 425 praestantissima
1890 388 1959 418 edi-

178 437 270 467 tione
294 436 451 466 Africani
473 436 597 475 (Lugd.
622 436 696 467 Eat.
722 437 815 475 1862)
844 446 877 475 p.
901 437 968 467 137.
1027 435 1103 466 Hac
1138 437 1333 467 coniectura
1368 444 1512 477 accepta
1544 439 1686 469 Duridis
1721 439 1836 475 Samii,
1872 441 1960 472 inter

180 500 306 530 pueros
328 491 360 520 in
383 490 539 530 pugilatu
563 490 712 525 victoris,
748 491 858 520 omnis
880 490 1045 520 memoria
1069 490 1230 524 concidit:
1263 491 1311 520 ita
1330 491 1356 520 si
1381 492 1569 522 scribamus
1593 503 1667 523 cum
1694 493 1901 524 Schubartio
1925 502 1958 525 et

174 545 378 584 Rutgersio,
401 544 493 574 nulla
515 545 582 574 iam
607 544 749 574 Duridis
773 545 836 574 erit
858 544 998 583 puerilis
1020 544 1166 573 victoria
1189 550 1222 573 et
1244 545 1387 583 pulchra
1408 545 1466 574 illa
1490 547 1532 576 de
1548 556 1655 585 puero
1673 548 1802 578 athleta
1820 549 1957 579 eodem-

175 608 241 638 que
263 604 387 637 postea
410 598 578 637 scriptore
602 599 674 636 περὶ
696 597 832 635 ἀγώνων
858 598 1027 628 sententia
1050 598 1152 627 missa
1176 597 1333 628 facienda
1356 599 1426 629 erit.

336 715 384 745 21.
429 714 620 744 Pausanias
643 714 701 744 vl.
730 715 776 753 13,
800 716 818 744 Ξ)
842 715 884 744 de
910 724 1017 754 puero
1042 714 1168 747 Samio,
1199 716 1255 754 qui
1278 716 1434 755 pugilatu
1458 716 1644 756 Olympiae
1668 718 1796 749 vicerit.

537 769 682 807 loquens
706 769 855 798 eundem
877 768 1059 807 tyrannide
1081 775 1205 808 postea
1231 769 1375 809 potitum
1403 769 1581 809 significat.

748 822 845 852 Haec
869 822 901 852 in
925 823 1033 852 solum
1056 823 1223 853 Duridem
1247 825 1380 854 cadunt.

324 902 451 932 Verum
468 908 588 933 contra
604 903 706 939 illam,
723 912 792 941 qua
805 897 949 933 “Scaei'’
967 902 1119 932 athletae
1142 912 1266 932 nomen
1282 902 1474 933 Pausaniae
1498 904 1701 937 obtruditur,
1725 904 1954 934 coniecturam

174 963 317 987 exortus
333 963 386 987 est
401 957 545 995 pulchra
561 962 595 986 et
611 955 742 986 efficaci
758 956 1057 995 argumentatione
1076 966 1158 985 usus
1174 956 1341 987 Hem-icus
1359 957 1491 987 Brunn:
1515 956 1640 987 Gesch.
1665 958 1725 987 der
1743 956 1800 988 Gr.
1817 958 1954 988 Kiinstl.

172 1011 197 1045 I,
223 1011 293 1048 424,
318 1010 374 1049 qui
397 1010 540 1040 Duridis
564 1008 671 1039 Samii
697 1010 794 1049 pueri
817 1010 956 1040 victoris
979 1016 1127 1040 statuam
1151 1020 1171 1039 a
1188 1010 1359 1040 Pausania
1381 1011 1590 1050 descriptam
1616 1021 1702 1045 esse,
1724 1012 1799 1046 hoc,
1822 1018 1859 1041 ut
1874 1012 1953 1041 mihi

173 1064 314 1103 quidem
335 1064 480 1097 videtur,
505 1063 630 1092 invicto
655 1069 859 1102 argumento
885 1064 1143 1102 demonstravit,
1167 1065 1260 1103 quod
1283 1064 1473 1095 Pausanias
1492 1065 1580 1095 hanc
1596 1071 1744 1095 statuam
1761 1065 1955 1104 relinquens

171 1123 206 1148 et
239 1118 283 1147 ad
316 1117 512 1156 proximam
544 1126 581 1146 se
616 1124 821 1146 convertens
845 1117 1044 1147 clarissume
1063 1118 1158 1148 dicit:
1193 1119 1236 1147 ab
1262 1120 1326 1148 hac
1353 1119 1446 1149 “eius
1470 1119 1621 1159 tyranni‘'
1647 1125 1760 1149 statua
1783 1119 1827 1148 ad
1843 1119 1954 1150 ‚Dialli

172 1172 334 1205 athletae,
360 1172 500 1202 Pollidis
533 1170 602 1205 filii,
642 1181 718 1201 sese
751 1181 839 1201 nunc
873 1172 1032 1202 transire:
1064 1171 1164 1202 Paus.
1189 1172 1247 1209 VI,
1274 1174 1320 1211 13,
1345 1174 1362 1203 t}
1386 1174 1472 1211 παρὰ
1495 1174 1529 1204 δὲ
1553 1174 1610 1204 τὸν
1633 1174 1790 1211 τύραννον
1812 1174 1954 1211 Δίαλλος

171 1226 189 1257 ὁ
222 1226 382 1263 Πόλλιδος
421 1225 590 1256 ἀνάκειται,
646 1225 780 1255 Etenim
813 1225 982 1255 Duridem
1015 1225 1205 1256 Samiorum
1235 1227 1348 1265 aliquo
1373 1233 1529 1266 tempore
1552 1233 1733 1266 tyrannum
1756 1226 1861 1256 fuisse
1885 1227 1952 1257 duo

172 1279 294 1309 saltem
318 1286 426 1309 testes
449 1280 618 1319 probant:
642 1280 847 1309 Athenaeus
870 1279 962 1311 VIII.
987 1280 1046 1310 337
1056 1279 1078 1310 ‘³2
1118 1280 1258 1318 Λυγκεὺς
1282 1280 1307 1311 δ’
1333 1281 1350 1311 ὁ
1375 1280 1494 1318 Σάμιος
1517 1305 1522 1309 .
1547 1306 1552 1311 .
1578 1305 1584 1310 .
1612 1281 1775 1318 Δούριδος
1805 1281 1839 1311 δὲ
1863 1281 1952 1311 ἀδελ-

170 1334 235 1372 φὸς
256 1335 312 1364 τοῦ
337 1334 395 1372 τὰς
418 1334 562 1372 ἱστορίας
585 1334 772 1372 γράψαντος
794 1334 845 1364 καὶ
868 1334 1129 1372 τυραννήσαντος
1153 1336 1209 1372 τῆς
1232 1335 1394 1372 πατρίδος.
1419 1340 1451 1363 et
1477 1334 1602 1364 Suidas
1626 1344 1648 1364 s,
1671 1344 1699 1364 v,
1719 1334 1953 1372 Λυγκεύς”Σὰ-

170 1397 240 1425 μιος
263 1388 488 1425 γραμματικός.
517 1388 731 1426 Θεοφράστου
756 1389 922 1426 γνώριμος.
948 1388 1090 1426 ἀδελφὸς
1113 1389 1274 1426 Δούριδος
1297 1390 1354 1419 τοῦ
1377 1388 1631 1426 ἱστοριογράφου
1655 1390 1711 1419 τοῦ
1735 1389 1785 1418 καὶ
1800 1389 1952 1426 τυραννή-

168 1449 290 1480 σαντος
314 1442 431 1479 Σάμου.
477 1442 563 1471 Nam
590 1442 726 1472 minime
750 1442 913 1473 credibile
938 1449 999 1476 est,
1025 1442 1167 1473 Suidam
1190 1452 1250 1472 sua
1274 1452 1318 1472 ex
1341 1443 1526 1472 Athenaeo
1555 1442 1825 1477 concinnavisse,
1848 1443 1951 1472 immo

169 1501 351 1535 utrumque
374 1506 419 1526 ex
443 1497 567 1526 eodem
593 1497 786 1536 antiquiore
809 1497 960 1536 quodam
984 1502 1123 1527 auctore
1146 1495 1301 1525 hausisse
1325 1496 1399 1534 ipsa
1416 1506 1471 1526 res
1489 1496 1599 1526 docet.
1622 1494 1736 1534 Quare
1750 1505 1816 1525 non
1836 1504 1951 1525 assen-

170 1550 271 1580 serim
296 1550 499 1590 Rutgersio,
522 1551 579 1590 qui
602 1561 633 1589 p.
661 1552 717 1582 1:37
741 1557 808 1581 not.
834 1552 852 1581 6
876 1552 918 1581 de
944 1550 1085 1580 Duridis
1109 1550 1289 1589 tyrannide
1310 1548 1396 1579 “non
1425 1549 1508 1580 satis
1536 1544 1715 1580 constare'’
1742 1549 1831 1580 dicit.
1878 1549 1950 1579 Iam

168 1604 221 1634 his
245 1604 471 1634 consideratis
497 1604 526 1634 si
549 1610 693 1638 constat,
718 1604 860 1634 Duridis
883 1603 989 1635 Samii
1013 1605 1109 1644 pueri
1133 1610 1281 1634 statuam
1305 1614 1325 1633 a
1347 1604 1520 1634 Pausania
1542 1604 1601 1637 VI.
1626 1605 1672 1637 13.
1695 1605 1712 1633 ξ)
1744 1603 1950 1643 descriptam

167 1668 254 1690 esse.
278 1658 466 1698 quaeritur,
493 1659 574 1697 quid
600 1659 778 1689 vocabulis
812 1660 862 1689 καὶ
896 1660 932 1697 ὃς
966 1658 1159 1689 faciendum
1193 1659 1244 1690 sit.
1303 1657 1523 1689 Godefredus
1553 1658 1709 1694 Eckertz,
1745 1659 1787 1688 de
1818 1657 1950 1688 Duride

172 1711 290 1743 Samio
332 1712 498 1749 (Bonnae.
540 1713 629 1743 1842
662 1723 693 1752 p.
714 1714 768 1744 29:
802 1715 875 1751 παῖς
909 1714 941 1743 in
976 1713 1024 1743 eis
1054 1714 1162 1744 latere
1196 1720 1326 1748 censen
1363 1712 1506 1743 Carolus
1531 1713 1686 1746 Mueller,
1711 1713 1848 1752 Fragm.
1871 1712 1948 1742 hist.

167 1766 225 1798 Gr.
246 1767 288 1802 II,
311 1767 381 1805 467,
403 1777 433 1799 a.
457 1773 544 1797 extr.
580 1767 689 1806 patris
724 1767 866 1798 Duridis
898 1777 1033 1807 nomen,
1069 1767 1162 1806 quod
1196 1767 1312 1804 Σκαῖος
1343 1765 1460 1801 fuerit·⁷
1491 1766 1707 1796 scribendum
1732 1765 1834 1805 igitur
1858 1775 1948 1795 esse:

167 1821 283 1852 Σκαίου
308 1821 421 1859 ἕστηκε
445 1822 577 1859 Δοῦρις.
622 1821 706 1851 Mihi
731 1821 944 1860 probabilior
967 1821 1138 1852 Eckertzii
1162 1820 1359 1851 coniectura
1382 1820 1524 1851 videtur.
1574 1820 1639 1850 His
1665 1819 1839 1850 concessis
1861 1819 1948 1849 Pau-

167 1876 284 1906 saniae
318 1876 415 1906 locus
448 1876 494 1905 ita
529 1885 616 1905 nunc
655 1875 855 1905 scribendus
889 1875 967 1906 erit:
1001 1876 1147 1914 Χιόνιδος
1169 1877 1203 1906 δὲ
1227 1875 1265 1906 οὐ
1287 1875 1396 1913 πόρρω
1418 1877 1475 1912 τῆς
1498 1874 1532 1906 ἐν
1554 1870 1709 1913 Ὀλυμπίᾳ
1731 1874 1851 1912 στήλης
1875 1875 1948 1912 παῖς

167 1931 304 1968 ἕστηκεν
326 1931 405 1968 (hoc
427 1930 519 1960 loco:
543 1930 560 1960 ὁ
585 1930 780 1966 delendum)
803 1931 924 1969 Δοῦρις
947 1930 1075 1968 Σάμιος,
1098 1930 1260 1968 κρατήσας
1282 1931 1386 1967 πυγμῇ
1412 1931 1536 1966 παῖδας.

278 2048 326 2078 22.
370 2047 510 2077 Duridis
535 2048 632 2086 pueri
658 2048 784 2087 pugilis
807 2047 986 2078 victoriam
1011 2048 1043 2077 in
1067 2048 1100 2077 id
1126 2054 1262 2087 tempus
1288 2047 1448 2081 incidere,
1479 2057 1546 2087 quo
1570 2057 1613 2077 ex
1639 2048 1749 2077 insula
1771 2057 1831 2077 sua

382 2100 488 2131 Samii
511 2111 572 2140 per
595 2101 826 2140 quadraginta
850 2106 920 2130 tres
944 2110 1061 2138 annos,
1087 2102 1131 2131 ab
1155 2112 1183 2131 a.
1206 2102 1265 2132 365
1289 2102 1333 2131 ad
1356 2102 1426 2136 322,
1455 2101 1591 2141 expulsi
1613 2101 1746 2131 fuerint.

312 2176 433 2216 Pergit
456 2187 543 2207 nunc
565 2177 756 2207 Pausanias
783 2187 907 2207 annum
931 2177 1093 2211 indicans,
1117 2187 1185 2216 quo
1209 2176 1351 2206 victoria
1375 2177 1432 2206 illa
1454 2177 1594 2216 puerilis
1618 2177 1742 2207 Duridi
1766 2176 1944 2216 obtigerit:

165 2230 200 2260 id
223 2230 350 2261 factum
374 2241 460 2270 esse,
483 2232 773 2271 quemadmodum
798 2232 931 2262 eluceat
956 2241 999 2261 ex
1023 2231 1284 2271 epigrammate,
1307 2231 1363 2261 illo
1388 2237 1555 2271 ternpore,
1578 2241 1646 2270 quo
1668 2230 1860 2261 Samiorum
1883 2240 1944 2270 po-

163 2285 263 2324 pulus
287 2295 331 2315 ex
355 2286 467 2324 patria
490 2286 600 2315 insula
624 2287 667 2316 ab
692 2285 972 2318 Atheniensibus,
996 2285 1053 2325 qui
1070 2286 1248 2315 cleruchos
1262 2285 1404 2316 Samum
1430 2286 1617 2319 deduxere,
1642 2285 1805 2324 expulsus
1828 2284 1942 2315 fuerit:

164 2339 264 2370 Paus.
287 2339 346 2377 VI,
372 2341 418 2373 13,
441 2341 474 2370 5:
498 2341 534 2371 τὸ
557 2341 591 2371 δὲ
615 2341 794 2379 ἐπίγραμμα
817 2342 909 2378 δηλοῖ
933 2340 969 2370 τὸ
992 2340 1040 2370 ἐπ’
1065 2340 1160 2379 αὐτῷ,
1183 2342 1309 2377 νικῆσαι
1331 2340 1454 2378 Δοῦριν
1477 2334 1636 2379 (ξ”Χίονιν”
1657 2349 1720 2379 pro
1731 2333 1896 2377 “Aofiplv''
1911 2338 1943 2368 in

164 2393 322 2423 omnibus
345 2395 444 2424 codd.
469 2400 589 2433 aperto
613 2395 752 2433 errore),
776 2395 867 2432 ἡνίκα
890 2395 907 2425 ὁ
931 2394 1057 2431 Σαμίων
1080 2396 1179 2431 δῆμος
1202 2394 1339 2432 ἔφευγεν
1362 2394 1395 2424 ἐκ
1418 2396 1474 2431 τῆς
1496 2394 1607 2431 νήσου.
1652 2393 1729 2423 Hoc
1752 2393 1944 2424 Samiorum
