2236 2979
1102 272 1178 302 XX

253 379 361 409 fames
385 382 417 407 et
441 376 604 407 sterilitas
628 375 658 404 in
684 375 834 404 Thasum
860 374 1033 414 ingruunt.
1079 373 1199 403 Thasii
1224 373 1347 403 nullius
1369 373 1512 403 iniuriae
1535 373 1598 402 sibi
1623 372 1748 403 conscii
1772 372 1873 402 deum
1889 371 2034 410 Delphi-

251 442 328 463 cum
349 431 483 461 adeunt.
508 430 541 459 Is
565 429 709 468 primum
734 429 881 458 obscure
905 428 1105 467 respondet:
1130 427 1255 458 Euseb.
1280 428 1299 458 l.
1323 437 1348 457 s,
1372 427 1473 464 §.132
1499 426 1543 464 εἰς
1566 426 1689 464 πάτρην
1715 426 1863 464 φυγάδας
1886 425 2033 461 κατάγων

251 486 393 524 Δήμητρ’
417 485 605 521 ἀπαμήσεις.

399 538 476 578 Quo
501 538 618 568 audito
644 537 761 567 Thasii
796 546 914 567 omnes
943 537 1063 566 exules
1092 525 1163 566 sine
1195 544 1291 565 mora
1313 539 1489 568 revocant,
1524 539 1608 573 toto,
1640 534 1732 572 quod
1755 532 1858 570 aiunt,
1894 533 1990 563 caelo
2015 543 2034 562 a

251 603 334 623 vero
359 593 402 622 ab
427 596 590 621 errantes
633 590 721 620 Nam
744 590 942 629 neutiquam
966 589 1075 619 fames
1101 588 1231 618 remisit
1264 589 1427 627 nullaque
1459 588 1492 617 in
1515 588 1572 617 illo
1596 587 1764 626 obsequio
1788 587 1957 617 medicina
1980 596 2033 616 re-

251 652 351 686 perta
377 651 438 676 est.
483 644 605 683 Itaque
629 645 741 674 denuo
764 644 807 673 ad
833 644 934 673 deum
958 643 1132 677 miserunt,
1166 647 1203 671 ut
1226 642 1359 681 clarius,
1381 642 1464 681 quid
1487 642 1600 679 vellet⁷
1628 641 1787 680 aperiret.
1831 641 1918 670 Turn
1942 640 2034 670 deni-

254 709 330 739 que,
365 704 401 728 ut
434 703 551 728 narrat
574 698 764 728 Pausanias
789 697 846 735 VI,
872 698 918 730 ll,
942 696 970 730 8,
1006 696 1078 726 sine
1102 696 1207 725 suetis
1231 695 1435 735 ambagibus
1459 697 1543 726 deus
1566 696 1655 725 hunc
1684 695 1718 724 in
1739 695 1879 724 modum
1900 695 2035 725 locutus

252 760 318 784 est:
355 753 519 790 Θεαγένην
554 754 581 783 δ’
615 752 778 790 ἄμνηστον
811 751 954 789 ἀφήκατε
988 750 1045 780 τὸν
1077 750 1176 787 μέγαν
1205 749 1318 786 ὑμέων.
1363 749 1620 784 Dubitantibus,
1644 759 1712 788 qua
1734 753 1808 778 arte
1831 753 1979 778 statuam
2003 748 2035 778 in

253 817 348 838 mare
374 807 545 837 abiectam
569 816 774 845 recuperare
797 810 950 844 possent,
975 805 1042 834 duo
1065 803 1258 843 piscatores
1282 804 1536 842 superveniunt,
1560 813 1704 842 quorum
1727 803 1761 832 in
1785 802 1872 833 retia
1894 801 2035 832 mirifica

254 862 311 891 illa
334 862 476 900 praeda,
509 860 708 899 Theagenis
731 859 957 893 simulacrum,
983 858 1177 897 irrepserat.
1222 857 1345 888 Statua
1367 858 1399 887 in
1421 857 1521 887 basin
1545 867 1641 887 suam
1661 857 1821 888 restituta
1843 856 1921 886 ilico
1943 861 2036 886 terra

254 915 397 945 floribus
430 914 711 954 graminibusque
749 913 866 943 vestiri
903 917 1028 951 coepta
1063 916 1115 941 est
1150 917 1183 941 et
1218 911 1343 950 ubique
1369 915 1508 951 segetes
1530 911 1744 941 luxuriantes
1770 911 1916 940 obortae
1941 915 2035 943 sunt:

252 969 377 1000 Euseb.
401 970 521 1008 Praep.
545 968 605 999 Ex:
630 968 671 1001 V,
695 968 743 1001 34,
772 968 820 997 14:
856 966 919 1004 ἅμα
942 967 1003 1004 γὰρ
1027 965 1188 1003 ἀνεστάθη
1214 966 1264 996 καὶ
1288 966 1382 1003 εὐθὺς
1405 966 1424 1003 ἦ
1450 966 1505 1003 μὲν
1527 967 1567 1002 γῆ
1592 964 1776 1000 ἀνέθαλλεν,
1811 964 1841 995 οἱ
1862 965 1897 995 δὲ
1921 963 2036 1003 [ἀγροὶ

252 1025 317 1054 hoc
341 1022 551 1061 addendum]
577 1022 700 1059 ἐκόμων
723 1021 869 1058 Δήμητρι
892 1020 1013 1051 λοιπόν.

399 1164 444 1193 18.
480 1162 728 1201 Apotheoseos
753 1160 958 1190 athletarum
982 1160 1075 1199 apud
1098 1159 1311 1190 Oenomaum
1334 1159 1412 1188 Eus.
1437 1158 1492 1188 Pr.
1517 1158 1577 1189 Ev.
1601 1157 1643 1191 V,
1666 1159 1706 1189 34
1729 1158 1898 1197 exempla,

568 1225 658 1253 quae
683 1224 784 1244 unam
809 1214 1004 1244 continuam
1029 1213 1152 1243 seriem
1176 1212 1335 1244 efficiant.
1361 1223 1404 1242 ex
1431 1212 1629 1243 Callimachi
1654 1213 1724 1250 περὶ

865 1269 1001 1305 ἀγώνων
1024 1268 1110 1297 libro
1135 1267 1286 1297 delibata
1310 1267 1426 1296 videri.

403 1361 460 1390 Ad
484 1362 546 1390 has
571 1361 656 1390 duas
683 1360 899 1390 narrationes
924 1359 1024 1390 tertia
1047 1359 1180 1389 accedit
1208 1359 1353 1388 eandem
1379 1359 1520 1387 deorum
1546 1358 1687 1388 tutelam
1713 1367 1798 1396 erga
1822 1356 2038 1387 fortissumos

253 1418 403 1447 athletas
427 1422 564 1453 testata,
590 1415 713 1444 Euseb.
737 1415 756 1443 l.
782 1425 805 1443 s.
829 1414 846 1451 ξ
874 1413 1003 1444 15-17.
1063 1413 1140 1442 Fuit
1172 1413 1359 1452 Euthycles
1384 1412 1592 1452 pentathlus,
1627 1412 1756 1442 Locrus
1779 1411 2039 1450 Epizephyrius‚

254 1471 307 1502 cui
342 1481 404 1510 pro
439 1469 593 1509 egregiis
627 1468 789 1501 victoriis,
820 1468 944 1507 quibus
978 1468 1127 1506 patriam
1161 1468 1289 1497 claram
1323 1466 1532 1505 reddiderat,
1567 1466 1660 1496 cives
1683 1465 1869 1504 pessimam
1890 1464 2040 1504 gratiam

254 1525 471 1555 rettulerunt.
517 1523 601 1554 Cum
627 1523 715 1552 enim
738 1522 926 1561 Euthycles
949 1531 1065 1551 rursus
1088 1521 1121 1551 in
1143 1522 1232 1551 ludis
1257 1521 1460 1560 quibusdam
1484 1520 1623 1550 vicisset
1658 1524 1691 1550 et
1715 1520 1748 1549 in
1772 1529 1813 1549 ea
1835 1519 1980 1549 victoria
2003 1528 2040 1549 se

254 1589 321 1609 non
345 1579 493 1608 Locrum
517 1577 702 1608 renuntiari
727 1576 891 1614 iussisset,
924 1576 986 1606 sed
1011 1575 1096 1605 alius
1119 1576 1304 1614 cuiusdam⁷
1328 1575 1380 1605 cui
1403 1576 1492 1604 hunc
1514 1575 1681 1604 honorem
1716 1573 1885 1603 amicitiae
1916 1582 2038 1603 caussa

253 1632 509 1673 gratificaturus
529 1637 611 1664 erat,
634 1631 728 1661 urbis
743 1631 861 1667 civem,
875 1630 975 1660 Locri
993 1629 1222 1669 Epizephyrii,
1246 1629 1303 1668 qui
1317 1629 1409 1658 illum
1422 1628 1568 1668 pecunia
1585 1632 1783 1666 corruptum
1798 1627 1833 1656 id
1849 1636 1969 1656 ausum
1989 1636 2040 1656 su-

255 1687 479 1727 spicarentur.
506 1686 538 1715 in
562 1690 691 1716 tantam
716 1685 800 1715 iram
825 1690 1039 1723 exarserunt,
1062 1690 1097 1714 ut
1122 1694 1198 1714 eum
1220 1683 1299 1714 licet
1322 1682 1649 1712 innocentissumum
1670 1690 1739 1710 non
1758 1685 1890 1711 tantum
1912 1680 1945 1710 in
1968 1690 2040 1711 car-

255 1751 368 1772 cerem
391 1741 596 1774 conicerent,
621 1740 682 1770 sed
707 1749 783 1769 cum
807 1739 851 1769 ibi
876 1739 909 1768 in
932 1738 1075 1768 vinculis
1098 1744 1252 1768 mortuus
1277 1741 1377 1767 esset.
1413 1736 1535 1766 statuis
1564 1745 1702 1774 quoque
1725 1735 1806 1774 eius,
1830 1744 1916 1773 quas
1939 1739 2041 1764 antea

255 1796 286 1826 ei
310 1801 504 1833 erexerant,
529 1793 777 1833 indignissume
801 1793 1013 1823 insultarent.
1059 1793 1148 1822 Nam
1164 1791 1197 1821 in
1212 1792 1279 1821 hoc
1296 1800 1378 1821 sane
1394 1790 1535 1820 honoris
1550 1789 1680 1829 publici
1696 1788 1911 1818 custodiendi
1927 1787 2041 1818 studio

253 1849 469 1880 Graecorum
504 1849 623 1887 populi
656 1857 817 1877 maxume
850 1847 1034 1877 irritabiles
1064 1851 1171 1885 erant,
1202 1846 1229 1875 si
1250 1846 1326 1885 quis
1350 1845 1382 1874 in
1406 1844 1551 1884 publicis
1575 1843 1819 1874 certaminibus
1842 1843 1951 1872 victor
1972 1851 2042 1872 non

253 1903 389 1943 patriae
424 1913 507 1933 suae
542 1912 580 1932 se
615 1902 734 1936 civem,
771 1902 832 1931 sed
857 1901 942 1930 alius
967 1901 1117 1930 civitatis
1142 1900 1302 1935 dixissen
1335 1909 1411 1930 eum
1435 1898 1569 1938 patriae
1591 1897 1790 1937 neglectum
1814 1906 1921 1936 saepe
1941 1896 2042 1936 gravi

257 1967 372 1997 poena
395 1956 455 1987 ulti
481 1962 513 1987 et
540 1956 713 1995 persecuti
741 1961 827 1986 sunt.
873 1954 990 1985 Simile
1014 1960 1076 1992 est,
1109 1955 1203 1993 quod
1233 1955 1275 1984 de
1298 1953 1426 1993 Astylo
1450 1951 1652 1982 Crotoniata
1671 1951 1817 1990 legimus
1841 1950 1933 1989 apud
1955 1950 2042 1980 Pau-

256 2011 388 2041 saniam
412 2011 472 2045 VI,
498 2012 546 2041 13.
573 2011 603 2041 1:
641 2010 688 2041 ὅτι
712 2011 746 2041 δὲ
770 2010 804 2040 ἐν
827 2010 885 2040 δύο
908 2011 977 2047 ταῖς
1001 2009 1150 2047 ὑστέραις
1174 2009 1233 2046 (se.
1258 2009 1370 2046 νίκαις)
1393 2008 1427 2045 ἐς
1449 2007 1540 2045 χάριν
1562 2007 1619 2043 τὴν
1639 2005 1786 2043 Ἱέρωνος
1808 2007 1866 2036 τοῦ
1889 2005 2042 2042 Δεινομέ-

255 2076 334 2103 νους
359 2065 578 2102 ἀνηγόρευσεν
602 2064 701 2095 αὑτὸν
724 2063 936 2101 Συρακόσιον,
960 2063 1083 2093 τούτων
1108 2063 1200 2093 ἕνεκα
1223 2062 1252 2093 0‘1
1278 2063 1491 2099 Κροτωνιᾶται
1514 2061 1571 2097 τὴν
1592 2059 1693 2091 οἰκίαν
1709 2059 1808 2090 αὐτοῦ
1825 2058 2043 2096 δεσμωτήριον

256 2119 334 2150 εἶναι
360 2120 569 2155 κατέγνωσαν
593 2119 643 2149 καὶ
666 2119 723 2155 τὴν
747 2118 854 2148 εἰκόνα
878 2119 1026 2148 καθεῖλον
1049 2120 1085 2156 τῇ
1109 2117 1191 2156 Ἥρᾳ
1214 2119 1251 2155 τῇ
1275 2115 1404 2155 Λακινίᾳ
1427 2115 1580 2152 κειμένην.

404 2173 505 2203 Locri
528 2172 632 2212 igitur
656 2171 873 2211 Epizephyrii
899 2171 998 2201 simili
1022 2172 1077 2201 vel
1101 2171 1228 2200 maiore
1253 2170 1356 2200 etiam
1381 2169 1461 2199 odio
1496 2168 1527 2197 in
1555 2167 1758 2207 Euthyclem
1792 2167 1917 2196 invecti
1951 2172 2042 2199 sunt:

256 2234 373 2257 narrat
396 2227 566 2257 Eusebius
590 2226 643 2256 Pr.
668 2226 728 2256 Ev.
756 2225 794 2259 V,
818 2226 867 2263 234,
895 2227 943 2255 llj:
969 2225 1131 2256 Εὐθυκλέα
1155 2225 1211 2255 τὸν
1233 2225 1411 2255 πένταθλον
1435 2223 1588 2260 ἐνέβαλον
1612 2221 1656 2259 εἰς
1673 2221 1806 2259 εἱρκτὴν,
1824 2220 2042 2258 αἰτιασάμενοι

257 2282 356 2312 αὐτὸν
380 2282 430 2312 ἐπὶ
453 2284 489 2320 τῇ
514 2281 639 2318 πατρίδι
663 2280 828 2317 εἰληφέναι
849 2281 957 2317 δῶρα·
979 2280 1029 2310 καὶ
1052 2280 1090 2310 οὐ
1115 2279 1214 2317 μόνον
1234 2281 1340 2309 τοῦτο,
1363 2277 1444 2308 ἀλλὰ
1467 2277 1517 2307 καὶ
1540 2276 1764 2313 ἀποθανόντος
1786 2276 1837 2306 καὶ
1863 2274 1951 2306 οὗτοι
1967 2273 1997 2310 (i.
2016 2283 2042 2304 e.

257 2335 359 2365 Locri
382 2345 449 2365 non
473 2335 594 2372 minus,
620 2344 722 2373 quarn
747 2334 877 2371 Thasii)
901 2334 945 2371 εἰς
969 2334 1026 2371 τὰς
1050 2334 1175 2371 εἰκόνας
1199 2333 1368 2371 ἐξύβριζον,
1413 2331 1510 2360 Haec
1533 2339 1643 2369 usque
1666 2329 1781 2360 facere
1803 2334 2041 2368 perrexerunt,

260 2390 368 2419 donec
392 2389 531 2419 tandem
556 2390 641 2419 deos
665 2388 877 2417 immortales
901 2387 1078 2427 Euthyclis
1101 2388 1290 2417 miseritum
1314 2391 1374 2419 est,
1399 2385 1515 2424 itaque
1539 2384 1656 2414 Locris
1677 2383 1792 2413 frenos
1807 2383 2043 2421 imposuerunt
