2236 2979
1150 285 1187 315 14

274 380 474 413 Geometriae
499 378 701 410 elementaris
725 379 847 416 partem
871 379 902 407 et
922 375 1131 415 geometriam
1154 374 1382 415 descriptivam
1408 373 1456 404 bis
1479 383 1509 413 p.
1529 373 1558 405 h.
1583 373 1770 414 explanabit
1793 372 1907 404 idem.

271 434 525 466 Exercitationes
549 430 710 463 efficiendi
728 428 902 470 graphides
924 429 1165 460 mathematicas
1188 428 1391 467 calculosque
1417 430 1527 466 quater
1550 436 1580 466 p.
1604 425 1634 457 h.
1658 427 1801 457 instituet
1824 425 1940 457 idem.

271 490 380 520 Artem
400 485 601 526 concipiendi
625 488 656 516 et
678 483 892 524 praeparandi
915 486 1104 515 structuram
1120 483 1254 519 viarum,
1271 482 1430 513 canalium
1444 484 1501 512 etc.
1517 484 1565 512 ter
1581 490 1610 520 p.
1631 480 1660 510 h.
1677 479 1909 512 demonstrabit
1924 478 2049 511 KOLL.

274 541 488 573 Geometriam
511 539 685 580 practicam
708 541 755 569 ter
777 548 807 578 p.
832 537 861 569 h.
887 537 1061 577 explicabit
1082 536 1143 567 ide
1154 546 1193 567 m.

273 594 526 626 Exercitationes
550 591 755 632 geodaeticas
777 590 904 622 sexiens
928 600 957 630 p.
981 590 1010 621 h.
1032 589 1248 621 moderabitur
1270 588 1379 620 idem.

275 649 343 680 Arti
366 647 558 688 geometrice
581 644 765 677 delineandi
788 643 985 676 exercendae
1009 643 1058 674 bis
1084 654 1112 683 p.
1134 643 1162 673 h.
1186 643 1327 683 praeerit
1351 642 1465 674 idem.

275 701 500 734 Oeconomiam
529 700 691 740 politicam
715 699 782 730 sive
805 697 999 729 nationalem
1024 701 1070 728 ter
1096 696 1271 737 explicabit
1294 696 1429 728 NASSE
1452 696 1519 735 Dr.,
1543 696 1622 736 prof.
1646 699 1677 727 et
1689 695 1786 735 Regis
1809 695 1849 727 ab
1874 695 1993 727 intimis
2017 694 2051 726 in

358 754 635 787 administratione
658 752 812 785 consiliis.

276 812 323 842 De
345 810 414 841 iure
435 807 722 840 administrationis
748 810 779 837 et
803 804 951 845 opificum
978 804 1126 837 tractabit
1155 805 1204 836 bis
1227 815 1256 844 p.
1283 804 1310 835 h.
1340 803 1665 836 KLOSTERMANN
1699 804 1762 843 Dr.,
1792 803 1874 844 prof.
1902 806 1934 834 et
1955 802 2053 842 Regis

359 864 399 895 ab
422 863 541 894 intimis
565 862 598 893 in
621 871 654 893 re
678 859 838 892 metallica
861 859 1014 890 consiliis.

276 920 329 950 Ius
352 917 515 958 agrarium
539 916 666 948 docebit
688 914 785 946 semel
810 913 919 945 idem.

277 972 418 1004 Piscium
440 980 547 1002 curam
571 969 667 1002 semel
690 967 839 1000 tractabit
861 974 968 998 LIBER
990 974 1083 998 BARO
1106 974 1154 998 DE
1174 966 1229 997 LA
1252 965 1450 997 VALETTE
1476 965 1538 997 ST.
1562 964 1735 997 GEORGE
1759 965 1812 996 Dr.
1836 968 1867 996 et
1889 964 1970 1005 prof.

278 1027 325 1058 De
348 1025 535 1058 animalium
560 1023 805 1055 domesticorum
827 1021 944 1053 morbis
964 1022 1066 1053 acutis
1089 1024 1119 1052 et
1142 1019 1329 1061 epidemicis
1351 1023 1399 1051 ter
1422 1018 1558 1050 disseret
1580 1018 1743 1050 SCHELL
1766 1018 1985 1050 veter-issarius.

278 1081 326 1112 De
349 1079 485 1111 sanitate
508 1077 691 1110 animalium
715 1076 959 1108 domesticorum
982 1074 1101 1106 tuenda
1124 1073 1222 1105 semel
1244 1076 1382 1113 exponet
1407 1072 1516 1104 idem.

279 1134 395 1174 Apium
417 1143 524 1164 curam
547 1132 596 1163 bis
620 1130 724 1162 tradet
747 1129 982 1162 POLLMANN
1005 1129 1059 1160 Dr.

279 1188 449 1219 Praeterea
472 1185 760 1218 demonstrationes
783 1184 921 1216 rusticae
937 1187 1033 1224 atque
1056 1182 1259 1215 excursiones
1284 1182 1462 1220 botanicae‚
1487 1180 1723 1222 geognosticae,
1746 1179 1884 1211 rusticae
1907 1182 1938 1210 et
1961 1179 2056 1210 silva—

361 1242 444 1273 ticae
467 1241 680 1273 instituentur.
