2236 2979
1128 258 1177 287 IV

271 370 373 399 quam
399 369 590 400 pugnarum
613 359 840 393 terrestrium,
871 357 1051 393 navalium,
1079 367 1181 396 quam
1215 357 1392 388 foederum
1415 359 1518 388 modo
1543 359 1713 398 initorum,
1748 361 1853 390 modo
1877 365 2052 399 ruptorum

268 413 434 444 historia?
477 412 628 443 Minume
652 421 774 448 rerum,
799 412 827 441 si
850 412 932 450 quid
956 411 1067 441 video.

415 466 534 506 Atque
556 466 687 496 initium
711 465 848 505 quidem
872 465 1002 504 primae
1028 474 1147 494 eorum
1164 465 1312 494 virorum
1335 464 1478 495 notitiae
1494 465 1563 495 tale
1578 465 1652 501 fuit,
1675 471 1712 496 ut
1733 467 1826 496 haud
1847 467 1895 497 ita
1910 468 2052 498 multum

267 520 423 561 polliceri
445 521 629 550 videretur.
677 519 785 549 Hiero
818 529 894 548 curn
921 518 1019 549 fratri
1042 518 1167 549 Geloni
1198 528 1286 548 anno
1311 519 1372 550 478
1406 519 1438 548 in
1471 529 1580 558 regno
1614 520 1845 559 successisset,
1878 521 2051 552 consuetis

271 580 493 614 tyrannorum
529 573 660 604 artibus
691 573 739 603 uti
766 573 895 612 coepit:
933 573 1026 603 cives
1049 582 1189 607 vexare,
1226 572 1405 612 proxumis
1433 573 1592 612 cognatis
1621 573 1762 604 insidias
1795 579 1940 610 struere,
1975 585 2050 605 cum

264 629 426 658 Therone
448 627 573 658 Geloni
595 627 767 667 quondam
793 626 998 656 amicissimo
1022 626 1138 660 rixari,
1163 626 1313 665 denique
1336 625 1478 656 Gelonis
1499 626 1624 664 fratris,
1650 636 1757 666 quem
1779 629 1927 667 populus
1953 629 2052 659 unice

267 682 449 717 dilexerat,
482 681 574 711 nulla
607 691 643 711 re
676 681 794 711 similis
825 690 910 711 esse.
955 680 1130 719 Polyze10‚
1166 680 1328 710 Hieronis
1359 679 1458 710 fratri
1487 685 1570 710 natu
1602 680 1734 716 minori,
1772 682 1817 711 ad
1845 681 2049 717 Theronem,

262 737 408 767 eundem
432 740 466 766 et
487 745 654 775 generum
677 745 774 764 suum
798 740 832 765 et
852 744 1008 765 socerum
1033 733 1135 773 (conf.
1159 733 1338 764 Timaeum
1362 735 1455 774 apud
1466 733 1578 766 Schol.
1601 735 1701 766 Pind.
1723 735 1768 765 ad
1790 734 1843 767 Ol.
1866 735 1899 765 ΙΙ
1921 736 2047 767 introd.

264 794 298 820 et
321 790 366 819 ad
388 799 420 819 v.
444 789 506 827 29),
531 788 800 828 confugiendum
831 793 916 823 erat,
950 792 987 817 ut
1015 787 1121 817 vitam
1152 789 1195 818 ab
1219 787 1380 818 Hieronis
1411 789 1541 819 insidiis
1565 794 1741 820 tutaretur.
1786 789 1874 820 Fors
1896 789 1945 820 ita
1966 790 2051 826 tulit,

264 850 301 874 ut
322 854 364 875 eo
387 850 554 883 tempore,
579 852 667 873 anno
691 843 761 881 477,
784 841 892 871 Hiero
915 851 979 881 pro
1002 841 1158 881 victoria,
1183 852 1286 881 quam
1309 842 1342 872 in
1365 842 1609 872 Thebanorum
1631 843 1720 873 ludis
1732 842 1858 873 Iolaeis
1880 843 2050 883 pullorum

267 899 469 938 equinorum
493 897 663 937 quadriga
695 896 806 933 (Pind.
837 895 938 935 Pyth.
961 895 1002 929 ΙΙ,
1028 896 1057 933 7;
1090 896 1191 926 Paus.
1215 895 1260 933 X,
1288 896 1315 931 7,
1341 897 1373 929 7;
1409 896 1568 934 Boeckh‚
1602 896 1788 936 Explicatt.
1822 907 1855 936 p.
1879 898 1941 928 243
1968 897 2052 934 init.)

266 954 413 993 adeptus
437 958 520 991 erat,
544 951 731 981 Pindarum
754 951 798 980 ad
821 959 960 980 carmen
984 950 1164 989 epinicium
1181 951 1402 990 pangendum
1425 950 1594 980 invitaret.
1637 951 1771 981 Adnuit
1786 950 1965 986 Pindarus,
1989 952 2051 982 sed

265 1017 307 1037 ea
333 1006 514 1037 occasione
536 1006 585 1035 ita
606 1015 687 1035 usus
710 1011 771 1041 est,
796 1012 832 1034 ut
856 1005 889 1034 in
909 1006 976 1034 hoc
997 1004 1146 1034 carmine
1162 1004 1264 1044 Pyth.
1280 1004 1313 1034 II
1338 1014 1405 1034 non
1429 1005 1629 1040 adulatoris,
1653 1005 1715 1035 sed
1729 1005 1801 1035 veri
1818 1005 1917 1035 amici
1932 1010 2050 1045 partes

266 1066 403 1100 ageret:
449 1059 638 1090 Hieronem
660 1059 805 1088 horrore
825 1059 977 1097 quodam
1009 1058 1224 1088 consiliorum
1249 1063 1282 1088 et
1309 1057 1497 1089 facinorum
1521 1068 1662 1088 suorum
1685 1059 1869 1098 percussit;
1900 1059 2052 1089 ostendit

263 1115 304 1151 ei,
330 1114 398 1154 qui,
421 1114 546 1151 hercle,
570 1114 603 1143 in
623 1113 694 1143 eius
709 1113 784 1142 sinu
807 1113 939 1142 animus
955 1112 1210 1151 hospitaretur3
1234 1122 1323 1151 quae
1339 1112 1372 1142 in
1388 1118 1530 1152 pectore
1545 1118 1707 1152 portenta
1722 1113 1881 1148 nutriret;
1904 1114 2051 1153 denique

270 1174 307 1199 ut
329 1169 469 1199 tandem
495 1167 679 1207 aliquando
703 1167 778 1206 ipse
802 1176 839 1196 se
863 1172 1093 1206 cognosceret
1115 1166 1274 1196 hortatus
1297 1171 1363 1204 est;
1393 1176 1473 1196 nam
1500 1167 1810 1197 celebratissimum
1835 1167 1919 1197 illud
1941 1177 1972 1197 v.
1997 1167 2050 1198 72:

268 1222 364 1260 γένοι’
390 1222 458 1260 οἷος
483 1222 555 1253 ἐσσὶ
585 1221 703 1259 μαθών,
740 1221 788 1250 uti
816 1226 911 1251 recte
938 1220 1107 1250 intellexit
1131 1220 1343 1259 Comparetti
1376 1220 1408 1250 in
1430 1221 1616 1260 Philologo
1649 1222 1717 1252 vol.
1741 1222 1780 1252 28
1812 1231 1845 1261 p.
1869 1222 1940 1257 396,
1969 1221 2051 1251 nihil

267 1277 359 1307 aliud
384 1274 564 1315 significat,
587 1285 704 1314 quam:
726 1274 798 1315 fias
822 1273 862 1309 is,
890 1273 952 1315 qm'
969 1273 1138 1309 didiceris,
1162 1273 1276 1314 qualis
1298 1273 1364 1308 πί,-
1392 1280 1444 1305 est
1473 1275 1578 1314 igitur
1605 1274 1726 1305 fortius
1754 1276 1930 1314 quoddam
1952 1277 2052 1312 γνῶθι

266 1331 397 1362 σαυτόν.
442 1330 555 1361 Unum
579 1339 662 1359 sane
684 1329 854 1359 Pindarus
882 1330 1070 1368 prudenter
1101 1329 1208 1359 cavit:
1241 1338 1304 1367 per
1328 1328 1443 1358 omnia
1466 1329 1551 1359 haec
1579 1329 1708 1359 monita
1728 1329 1855 1359 amoris
1878 1329 2050 1368 quaedam

266 1394 349 1414 aura
390 1394 512 1424 sparsa
550 1390 617 1419 est,
649 1394 726 1414 eum
752 1383 785 1413 in
822 1384 972 1418 modum,
1011 1388 1046 1413 ut
1073 1382 1222 1413 dolentis
1258 1382 1385 1422 magiS,
1429 1392 1532 1421 quam
1572 1382 1750 1413 irascentis
1788 1383 1919 1413 animus
1957 1392 2049 1413 com-

262 1444 395 1477 pareat.
438 1438 560 1477 Itaque
589 1437 787 1467 miraculum
812 1437 940 1467 factum
965 1444 1024 1467 est.
1068 1437 1146 1467 Hoc
1177 1437 1329 1467 carmine
1359 1442 1490 1467 tantum
1512 1436 1631 1476 abfuit,
1661 1442 1698 1466 ut
1721 1437 1828 1467 Hiero
1854 1447 1874 1466 a
1896 1436 2048 1466 Pindaro

266 1492 531 1532 abalienaretur‚
553 1498 589 1522 ut
612 1492 754 1522 amicior
777 1492 880 1522 etiam
903 1497 1030 1531 poetae
1054 1491 1165 1522 factus
1188 1491 1240 1522 sit.
1283 1491 1466 1530 Tyrannus
1490 1490 1554 1525 ille,
1578 1500 1740 1520 maxume
1763 1490 1915 1530 alioquin
1937 1489 2048 1520 irrita-

262 1546 350 1581 bilis,
378 1556 467 1576 nunc
494 1546 584 1576 vitiis
619 1546 689 1576 suis
721 1547 764 1575 ab
786 1546 921 1576 homine
953 1545 1177 1585 integerrimo
1217 1545 1405 1575 convicium
1440 1543 1514 1573 fieri
1547 1544 1752 1574 laetabatur.
1795 1543 1917 1583 Itaque
1946 1553 2048 1583 quom

262 1600 388 1631 strictis
419 1600 545 1640 gladiis
577 1600 622 1630 ad
645 1599 767 1630 Gelam
796 1599 935 1630 fluvium
964 1599 1093 1636 (Schol.
1117 1599 1214 1629 Pind.
1243 1598 1296 1629 Ol.
1320 1598 1363 1638 11,
1389 1609 1420 1629 v.
1445 1598 1493 1633 29,
1522 1608 1554 1638 p.
1577 1598 1629 1636 64)
1661 1597 1805 1628 hostiles
1826 1597 1990 1628 Hieronis
2015 1603 2048 1628 et

266 1654 436 1685 Theronis
461 1654 633 1684 exercitus
659 1654 810 1693 oppositi
833 1654 899 1684 iam
924 1660 1063 1685 starent.
1088 1653 1206 1687 Hiero,
1232 1653 1373 1683 Pindari
1397 1652 1618 1683 consiliorum
1641 1661 1782 1687 memor,
1811 1661 1932 1691 pacem
1956 1661 2049 1682 com-

259 1709 377 1749 posuit
410 1708 645 1739 intercedente
670 1708 771 1738 etiam
795 1708 981 1740 Simonide.
1027 1708 1110 1738 Cum
1134 1708 1300 1747 Polyzelo
1325 1707 1429 1747 igitur
1452 1712 1487 1736 et
1509 1706 1671 1736 Therone
1701 1706 1734 1735 in
1761 1705 1911 1745 gratiam
1934 1705 2046 1745 rediit,

263 1762 475 1793 Xenocratis
498 1762 610 1796 etiam,
638 1761 809 1792 Theronis
832 1761 959 1797 fratris,
986 1761 1056 1792 filia
1084 1762 1117 1791 in
1146 1761 1400 1791 matrimonium
1430 1761 1540 1791 ducta.
1585 1759 1651 1800 Qui
1680 1765 1840 1799 tempora
1862 1764 2047 1799 computet,

264 1816 364 1847 facile
386 1815 527 1846 Pindari
549 1816 679 1846 monita
702 1816 735 1845 in
758 1815 921 1847 Hieronis
944 1817 1056 1846 animo
1080 1815 1228 1846 fructum
1250 1815 1398 1854 aliquem
1421 1814 1549 1852 tulisse,
1571 1819 1748 1853 agnoscat.

453 1944 481 1973 2.
525 1942 563 1972 In
588 1942 728 1972 Pindari
751 1947 784 1972 et
806 1942 969 1972 Hieronis
995 1941 1145 1972 amicitia
1174 1951 1276 1971 unum
1302 1946 1355 1970 est
1380 1940 1640 1980 quadriennium
1664 1939 1856 1978 (477—474)

579 1996 908 2035 ponderosissimum
933 1995 1073 2035 quidem
1097 2001 1130 2025 et
1153 1994 1482 2027 fructuosissumum,
1512 1994 1574 2023 sed
1597 1993 1726 2033 spissis,

866 2055 903 2080 ut
926 2050 1069 2084 videtur,
1092 2049 1245 2079 tenebris
1267 2049 1435 2086 obrutum.

414 2146 591 2177 Hactenus
614 2147 728 2176 omnia
751 2146 845 2177 clara
868 2152 955 2176 sunt.
999 2146 1058 2176 Ab
1081 2147 1146 2176 hac
1176 2156 1259 2176 vero
1282 2145 1446 2176 Hieronis
1469 2145 1597 2185 ingenii
1619 2145 1729 2184 prima
1752 2144 1976 2175 conversione
1998 2144 2046 2173 la-

268 2210 354 2230 cuna
378 2200 549 2239 quaedam
570 2199 602 2229 in
624 2204 744 2229 nostra
767 2200 906 2239 quidem
927 2200 1028 2230 huius
1050 2200 1221 2230 amicitiae
1243 2200 1429 2230 crescentis
1452 2205 1486 2229 et
1501 2198 1758 2239 progredientis
1781 2198 1978 2238 cognitione
2001 2197 2045 2226 in-

262 2254 353 2293 cipit.
398 2253 569 2293 Quattuor
604 2254 692 2284 enim
724 2253 821 2283 annis
847 2260 937 2293 post,
972 2234 1015 2287 ag
1040 2265 1128 2285 anno
1151 2255 1222 2288 474,
1256 2254 1419 2284 Hieronis
1446 2258 1480 2283 et
1503 2252 1643 2283 Pindari
1672 2252 1864 2292 amicitiam,
1894 2252 1929 2281 id
1952 2251 2044 2291 quod

266 2318 310 2339 ex
336 2309 540 2339 carminibus
562 2309 727 2349 Pyth.111
751 2313 784 2339 et
807 2307 822 2337 I
844 2309 1033 2339 luculenter
1057 2315 1211 2348 apparet,
1234 2307 1461 2347 pulcherrime
1478 2307 1545 2337 iam
1561 2307 1723 2341 adultam,
1745 2311 1924 2341 maturam,
1948 2310 2042 2334 utro-

264 2371 330 2401 que
354 2363 464 2394 amico
487 2362 722 2402 dignissimam
746 2362 912 2393 videmus,
951 2362 1022 2393 Sed
1046 2363 1091 2392 ad
1116 2363 1253 2402 plenam
1277 2362 1349 2392 eius
1372 2361 1542 2391 amicitiae
1565 2360 1749 2400 imaginem
1772 2359 2043 2399 recuperandam
