2236 2979
1143 269 1269 300 XXVI

656 412 703 440 25.
748 409 853 439 Duris
876 409 1050 448 quomodo
1073 409 1205 438 litteras
1228 408 1300 446 περὶ
1323 408 1458 444 ἀγώνων
1482 409 1676 447 auspicatus
1699 410 1749 440 sit.

816 463 1008 494 Auctorum
1033 464 1104 501 περὶ
1127 462 1261 499 ἀγώνων
1285 462 1400 492 brevis
1425 472 1594 494 recensus,

464 543 568 573 Duris
592 542 696 582 igitur
717 552 802 582 puer
825 543 981 582 pugilatu
1006 541 1188 581 Olympiae
1212 541 1332 575 victor,
1358 541 1480 572 deinde
1505 541 1599 572 Sami
1632 543 1764 582 patriae
1795 550 1970 583 tyrannus,
2006 545 2095 576 litte-

317 609 431 629 rarum
446 599 517 635 περὶ
538 597 672 634 ἀγώνων
695 607 806 636 genus
829 596 1026 636 auspicatus
1051 601 1112 635 est,
1134 596 1383 635 multorumque
1406 596 1613 626 imitatorum
1638 598 1750 627 studia
1773 598 1945 629 excitavit.
1976 598 2094 638 Atque

317 653 422 682 Duris
445 652 536 681 haud
562 651 663 681 dubie
686 651 752 680 iam
778 651 851 690 ipse
873 650 904 679 in
929 659 970 679 ea
993 659 1131 688 quoque
1152 659 1189 679 re
1212 649 1336 679 ceteris
1359 649 1470 680 facem
1493 651 1663 689 praetulit,
1690 652 1782 690 quod
1810 662 1955 691 asperae
1978 653 2033 683 isti
2060 659 2096 683 et

322 707 455 737 ieiunae
469 707 706 741 institutorum,
721 706 847 744 legum,
859 711 1049 743 temporum
1064 702 1334 734 definiendorum
1347 704 1511 734 materiae
1527 704 1730 735 dulciculum
1744 706 1825 735 illud
1840 713 1873 736 et
1885 705 2097 738 Graecorum

317 767 410 792 certe
435 761 555 791 animis
578 760 865 799 acceptissumum
890 758 1143 788 condimentum
1166 759 1400 788 narrationum
1423 759 1465 788 de
1489 758 1625 788 athletis
1649 759 1837 791 admiscuit.
1895 761 1984 791 Nam
2015 763 2095 793 licet

315 815 523 855 paucissima
544 820 674 844 tantum
698 823 742 843 ex
762 812 902 843 Duridis
927 813 999 849 περὶ
1025 811 1160 848 ἀγώνων
1193 822 1298 851 opere
1329 812 1525 853 fragmenta
1558 820 1686 849 extent,
1721 824 1762 844 ac
1796 815 1926 844 nullum
1960 816 2097 846 omnino

319 870 413 909 quod
437 869 587 899 athletae
619 867 759 897 alicuius
792 866 997 896 mentionem
1036 866 1217 901 contineat,
1251 877 1308 897 res
1341 867 1415 906 ipsa
1437 867 1503 896 iam
1527 868 1714 898 luculenter
1738 870 1893 908 spondet,
1920 869 2096 907 Duridem,

315 925 374 964 qui
406 923 528 963 puerili
564 929 678 953 aetate
711 922 860 961 palmam
885 920 1102 960 Olympicam
1126 920 1223 960 pugil
1250 921 1313 950 sibi
1335 921 1539 960 peperisset,
1574 922 1666 951 illum
1689 923 1802 953 locum
1827 924 1869 954 de
1893 924 2098 954 athletarum

316 978 395 1008 vitis
418 987 484 1007 non
510 976 644 1007 silentio
672 975 953 1005 transmissurum
976 974 1089 1005 fuisse.
1136 975 1272 1005 Deinde
1292 974 1557 1005 “Historiarum''
1582 976 1724 1006 Duridis
1751 987 1921 1016 quaenam
1955 979 2098 1018 species,

317 1033 374 1072 qui
397 1032 495 1062 stilus
516 1031 587 1061 est?
612 1030 644 1060 Is
669 1035 720 1059 est
742 1029 910 1068 profecto.
936 1029 993 1068 qui
1018 1039 1132 1059 rerum
1155 1036 1331 1069 gestarum
1354 1030 1553 1060 memoriam
1573 1040 1639 1060 non
1664 1037 1758 1060 caste
1789 1037 1822 1061 et
1847 1042 1967 1062 severe
1982 1042 2098 1071 perse-

319 1092 443 1126 quatur
467 1092 500 1116 et
529 1085 604 1124 ipsa
627 1083 718 1114 facta
740 1084 871 1114 diserta
893 1084 937 1113 ad
961 1084 1155 1113 testandum
1179 1084 1311 1118 reddat,
1336 1084 1396 1113 sed
1420 1084 1477 1123 qui
1505 1085 1588 1114 satis
1620 1085 1812 1124 loquaciter
1845 1085 1878 1115 in
1911 1087 2099 1117 venustulis

317 1140 570 1171 narrationibus
587 1139 650 1168 sibi
674 1139 819 1177 placeat,
843 1138 955 1177 magis
979 1139 1022 1167 ad
1046 1138 1286 1168 delectandum
1309 1138 1383 1171 illis,
1407 1148 1509 1177 quam
1532 1139 1576 1168 ad
1599 1139 1813 1169 edocendum
1835 1140 2044 1179 compositis.

464 1194 536 1223 Iam
569 1203 652 1223 vero
677 1202 745 1222 non
777 1192 899 1222 inutile
930 1192 1041 1231 fuerit,
1080 1202 1198 1222 eorum
1222 1202 1359 1232 quoque
1384 1199 1571 1229 auctorum,
1594 1194 1653 1232 qui
1676 1193 1819 1224 Duridis
1843 1200 1876 1224 et
1901 1194 2100 1225 Callimachi

317 1248 464 1288 vestigia
489 1248 597 1278 secuti
620 1247 798 1277 materiam
833 1247 924 1276 illam
960 1247 1031 1285 περὶ
1054 1247 1188 1283 ἀγώνων
1223 1247 1457 1281 excoluerunt,
1484 1247 1724 1277 brevissimum
1749 1248 1898 1287 aliquem
1921 1258 2099 1279 recensum

317 1312 533 1342 componere.
578 1300 822 1331 Callimachum
843 1310 1013 1340 proxume
1038 1300 1167 1340 excipit
1190 1300 1376 1340 discipulus
1398 1300 1469 1331 eius
1492 1307 1525 1331 et
1548 1301 1630 1331 civis
1650 1301 1739 1331 Ister
1765 1301 1972 1341 Cyrenaeus,
2005 1304 2099 1333 cuius

317 1357 511 1396 fragmenta
534 1355 674 1394 collegit
696 1354 730 1385 C.
746 1354 900 1389 Mueller,
924 1355 977 1386 Fr.
1003 1355 1078 1385 hist.
1101 1354 1159 1385 Gr.
1184 1355 1208 1389 Ι,
1232 1355 1302 1386 418.
1348 1354 1442 1385 Libri
1465 1356 1537 1393 περὶ
1559 1355 1717 1394 ἰδιότητος
1742 1355 1847 1387 ἄθλων
1865 1366 1968 1387 unum
1984 1367 2101 1397 super-

318 1416 371 1440 est
404 1409 635 1449 fragmentum
664 1410 756 1449 apud
789 1408 893 1440 Clem.
926 1408 1029 1439 Alex.
1063 1408 1187 1439 Strom.
1215 1409 1273 1443 III,
1299 1409 1315 1443 ,S
1339 1410 1387 1444 51,
1413 1410 1505 1448 quod
1530 1410 1708 1449 suppletur
1731 1411 1774 1440 ab
1798 1410 1944 1441 Aeliano
1968 1411 2027 1446 ΠΙ,
2051 1409 2120 1443 3οζ

319 1464 360 1495 cf.
386 1464 533 1494 Mueller
554 1464 573 1495 1.
599 1474 624 1494 s,
647 1473 679 1503 p.
706 1464 776 1494 424.
831 1463 968 1493 Deinde
1001 1463 1032 1492 in
1057 1463 1195 1493 Pindari
1221 1464 1356 1493 scholiis
1384 1464 1499 1503 prodit
1523 1463 1742 1504 Cleophanes
1765 1466 1836 1503 περὶ
1858 1465 2000 1502 ἀγώνων.
2023 1465 2102 1498 Seh.

317 1518 416 1548 Pind.
451 1517 504 1548 Ol.
527 1517 590 1555 IX,
626 1519 684 1548 143
716 1528 748 1557 p.
772 1518 846 1548 226:
881 1518 916 1548 ἐν
950 1520 987 1557 τῇ
1012 1517 1160 1557 Ἀρκαδίᾳ
1193 1518 1253 1555 γὰρ
1287 1518 1406 1555 ἤγοντο
1433 1521 1478 1558 τῷ
1501 1518 1555 1549 Διῒ
1576 1519 1615 1549 τὰ
1638 1518 1764 1549 Λύκαια.
1789 1520 1976 1558 Κλεοφάνης
2000 1521 2034 1551 ἐν
2055 1524 2100 1562 τῷ

316 1574 388 1611 περὶ
410 1572 555 1609 ἀγώνων.
599 1572 802 1602 Athenaeus
827 1572 873 1607 X,
890 1573 975 1602 412Ε
999 1571 1174 1602 Theodori
1198 1571 1439 1611 Hierapolitae
1462 1573 1616 1603 eiusdem
1639 1573 1727 1603 tituli
1751 1583 1857 1613 opere
1879 1584 1959 1604 usus
1982 1580 2035 1605 est
2057 1575 2101 1604 ad

317 1626 456 1657 Milonis
489 1627 695 1657 edacitatem
726 1627 1014 1657 adumbrandam:
1049 1626 1262 1665 Ἱεραπολίτης
1286 1627 1460 1665 Θεόδωρος
1484 1628 1518 1658 ἑν
1541 1629 1609 1665 τοῖς
1631 1628 1702 1666 περὶ
1726 1627 1871 1664 ἀγώνων.
1926 1628 1980 1658 Ex
2001 1629 2102 1658 huius

318 1680 422 1721 igitur
456 1680 594 1720 generis
628 1681 825 1711 auctoribus
854 1681 1045 1711 Pausanias
1068 1681 1253 1711 maximam
1277 1687 1413 1721 partem
1438 1691 1565 1718 eorum,
1590 1692 1678 1721 quae
1703 1683 1746 1712 de
1771 1683 1976 1712 athletarum
1998 1683 2102 1713 rebus

317 1735 426 1774 gestis
450 1741 483 1765 et
507 1734 586 1764 fatis
609 1735 783 1774 copiosius
806 1742 839 1765 et
865 1736 908 1765 ad
933 1735 1194 1765 exhilarandam
1219 1735 1410 1765 orationem
1434 1735 1548 1769 refert,
1571 1736 1784 1775 prompsisse
1807 1736 1950 1767 videtur.

484 1864 532 1894 26.
569 1863 776 1894 Pausaniam
800 1866 1002 1904 anagrapha
1027 1864 1223 1904 Olympica,
1247 1865 1474 1904 potissumum
1497 1865 1529 1894 in
1552 1864 1705 1895 victoriis
1729 1865 1926 1905 olympiade

728 1920 786 1949 114
811 1920 864 1956 (=
891 1919 965 1957 324)
990 1919 1250 1958 antiquioribus,
1275 1919 1459 1959 diligenter
1481 1929 1579 1949 usum
1604 1929 1688 1951 esse.

467 2010 540 2040 Iam
555 2021 637 2041 vero
654 2017 793 2050 praeter
805 2011 892 2041 haec
908 2011 1048 2050 leviora,
1062 2021 1150 2050 quae
1169 2011 1201 2041 in
1220 2011 1426 2042 athletarum
1437 2012 1540 2042 rebus
1555 2012 1665 2051 gestis
1681 2018 1874 2047 versantur,
1886 2012 2033 2051 plurima
2047 2022 2104 2042 ea-

319 2075 386 2104 que
400 2066 444 2094 ad
461 2070 578 2095 nostra
590 2065 727 2104 quidem
743 2065 855 2095 studia
870 2065 1066 2095 adiuvanda
1081 2065 1378 2104 praestantissima
1391 2065 1580 2096 Pausanias
1596 2065 1738 2095 tradidit
1755 2075 1830 2095 cum
1847 2065 1983 2096 omnino
2000 2066 2042 2095 de
2054 2065 2105 2095 in-

320 2119 448 2150 stitutis
471 2120 637 2155 ludorum,
660 2126 730 2149 tum
750 2120 979 2159 potissumum
1003 2121 1046 2150 de
1070 2119 1299 2159 victoriarum,
1323 2130 1412 2159 quae
1434 2121 1468 2150 in
1490 2120 1634 2150 diversis
1657 2120 1884 2150 certaminum
1917 2119 2104 2159 generibus

320 2178 442 2212 partae
473 2179 561 2207 sunt,
597 2174 833 2213 chronologia.
887 2174 945 2203 Ad
979 2174 1066 2204 haec
1099 2174 1327 2204 electissimae
1350 2174 1527 2204 doctrinae
1550 2174 1747 2214 fragmenta
1771 2180 1865 2205 recte
1889 2174 2104 2205 aestimanda

320 2228 502 2267 plurimum
525 2227 612 2258 scire
636 2228 786 2263 interest,
821 2238 900 2258 num
935 2228 994 2258 illa
1025 2239 1069 2258 ex
1106 2229 1307 2268 anagrapha
1337 2229 1451 2268 aliqua
1484 2229 1794 2268 Olympionicarum
1817 2228 2006 2258 Pausanias
2028 2228 2102 2267 ipse

320 2282 482 2316 hauserit,
508 2292 551 2312 an
573 2282 863 2312 intercedentibus
891 2282 1096 2321 quibusdam
1119 2283 1316 2313 auctoribus
1346 2283 1394 2313 ita
1422 2289 1567 2322 accepta
1598 2283 1736 2317 referat,
1769 2290 1805 2313 ut
1829 2293 1873 2313 ex
1897 2283 1945 2313 eis
1968 2282 2105 2312 demum

321 2336 397 2365 illas
422 2341 614 2375 temporum
638 2342 737 2366 notas
760 2337 893 2367 illorum
917 2336 985 2368 fide
1013 2337 1294 2377 transscripserit.
1342 2337 1452 2367 Huius
1474 2337 1686 2376 quaestionis
1709 2337 1741 2366 in
1765 2337 1960 2367 universum
1984 2336 2104 2366 diiudi-

322 2389 410 2419 catio
444 2400 510 2420 non
541 2391 650 2424 nimis.
683 2391 813 2430 opinor,
856 2391 1002 2422 difficilis
1036 2398 1097 2422 est.
1152 2391 1239 2421 Nam
1272 2391 1330 2430 qui
1352 2391 1457 2426 locos,
1490 2390 1524 2420 in
1556 2391 1680 2430 quibus
1703 2391 1853 2421 victoriis
1877 2400 1897 2420 a
1919 2389 2107 2421 victoribus
