2236 2979
1071 269 1143 300 XII

293 418 340 447 10.
386 417 457 447 Eos
480 416 641 450 eruditos,
665 415 723 455 qui
746 416 934 446 Hieronem
955 416 997 446 ol.
1023 418 1062 448 73
1086 417 1139 456 (=
1150 418 1225 455 488)
1247 417 1357 448 celete
1380 417 1504 448 vicisse
1525 428 1589 458 pro
1613 425 1706 450 certo
1730 419 1921 455 adfirment,

412 470 619 500 Pausaniam
643 480 796 501 summae
818 470 851 500 in
875 480 939 500 usu
962 469 1107 500 fontium
1130 470 1280 500 incuriae
1311 475 1345 500 et
1368 470 1613 510 neglegentiae
1635 472 1802 503 incusare.

365 553 436 585 Sed
459 554 571 589 video,
595 554 677 593 quid
700 555 867 584 adversus
891 564 941 589 ea,
966 564 1056 594 quae
1079 554 1192 584 adhuc
1215 564 1236 584 a
1256 554 1356 584 nobis
1380 554 1555 593 disputata
1578 560 1664 595 sunt,
1688 565 1764 586 cum
1787 556 1903 596 aliqua
1927 557 2000 587 veri

214 609 329 648 specie
353 608 485 638 moneri
509 608 653 647 possint.
699 607 801 647 Sane,
832 608 993 647 inquiunt,
1019 608 1061 638 sit
1083 608 1144 647 ita3
1178 607 1368 638 Pausanias
1398 617 1473 638 cum
1502 608 1560 638 illa
1583 608 1643 644 VI,
1667 609 1696 644 9,
1722 610 1741 639 4
1764 610 1909 650 scripsit,
1931 620 2001 640 non

215 663 300 702 legit
323 663 355 692 in
378 662 685 702 Olympionicarum
718 662 796 692 anni
820 663 863 692 ol.
889 663 927 692 73
956 662 1006 701 (=
1024 662 1099 697 488)
1131 661 1243 691 indice
1266 661 1427 691 Hieronis
1450 671 1588 696 nomen;
1620 672 1699 692 narn
1729 662 1764 692 id
1795 663 1822 693 si
1846 663 1999 703 legisset,

215 726 389 756 nunquam
413 715 592 751 Gelonem,
617 717 739 746 eodem
767 726 856 746 anno
880 715 1058 750 victorem,
1090 725 1154 754 pro
1182 714 1320 745 homine
1342 715 1479 754 privato
1507 715 1693 747 habuisset.
1737 714 1809 746 Sed
1832 717 1918 756 quis,
1952 717 2000 747 ita

214 776 364 810 pergant
387 770 444 805 illi,
469 769 544 809 quis
571 770 751 809 spondeat,
787 769 995 799 Pausaniam
1019 769 1155 799 omnino
1188 768 1381 808 inspexisse
1415 770 1662 809 anagrapham,
1701 779 1777 799 cum
1813 770 1870 799 illa
1893 770 1999 801 disse-

213 825 326 855 reret?
349 824 513 854 Fortasse
536 824 729 863 ignorabat,
752 823 941 854 Hieronem
960 833 1001 853 ea
1017 823 1215 862 olympiade
1238 823 1362 853 vicisse
1370 833 1376 858 ;
1399 822 1473 853 fieri
1489 824 1611 863 potuit,
1635 829 1673 854 ut
1696 824 1783 861 anni,
1808 833 1876 863 quo
1890 823 2000 854 Gelon

212 878 303 917 vicit,
326 878 525 908 memoriam
557 879 649 917 apud
674 883 850 907 auctorem
874 877 1022 916 aliquem
1047 887 1153 912 suum,
1185 877 1279 907 velut
1313 878 1406 916 apud
1438 877 1541 914 illum,
1577 878 1630 908 cui
1663 879 1879 918 praeclaram
1908 878 2001 908 illam

215 938 405 962 statuarum
431 937 464 961 et
489 933 746 962 anathematum
769 931 1037 970 descriptionem
1061 935 1240 970 acceptam
1264 931 1380 967 refert,
1404 932 1567 962 traditam
1591 933 1768 971 reperiret,
1797 937 1902 972 utque
1925 932 2001 962 sim-

211 986 398 1026 plicissima
421 986 555 1016 ratione
585 995 709 1016 annum
737 995 781 1015 ex
808 985 896 1015 illius
923 984 993 1014 fide
1021 984 1280 1019 transcriberet,
1314 985 1463 1015 minume
1495 985 1662 1016 sollicitus
1686 986 1729 1016 de
1753 986 1876 1025 aliqua,
1909 995 2001 1025 quae

213 1041 292 1070 inde
315 1040 394 1070 oriri
417 1046 546 1080 posset,
572 1039 811 1079 repugnantia.
856 1038 994 1069 Possint
1022 1039 1109 1069 haec
1137 1039 1267 1078 opponi
1297 1038 1488 1069 sententiae
1517 1044 1668 1074 nostrae,
1701 1049 1790 1078 quae
1825 1049 1866 1070 eo
1901 1040 2000 1077 redit,

211 1100 248 1125 ut
273 1095 480 1125 Pausaniam
508 1094 637 1124 nullam
660 1093 821 1124 Hieronis
846 1093 888 1124 ol.
912 1094 951 1123 73
974 1094 1026 1131 (=
1042 1093 1116 1132 488)
1140 1093 1319 1122 victoriam
1343 1093 1472 1132 legisse
1495 1093 1658 1123 dicamus.
1703 1092 1774 1124 Sed
1797 1093 1855 1123 illa
1878 1094 2000 1124 adver-

213 1149 381 1180 sariorum
395 1148 649 1188 argumentatio
669 1157 748 1186 quo,
772 1156 912 1186 quaeso,
935 1146 1158 1177 fundamento
1182 1147 1311 1176 nititur!
1337 1146 1483 1177 Sumunt
1496 1147 1556 1187 illi7
1577 1147 1784 1177 Pausaniam
1798 1148 2000 1188 anagrapha

214 1203 520 1243 Olympionicarum
551 1206 609 1231 aut
637 1211 812 1240 nunquam
837 1211 935 1231 usum
970 1211 1057 1235 esse,
1092 1206 1128 1231 ut
1152 1202 1195 1231 ab
1225 1212 1266 1231 eo
1290 1201 1457 1240 scriptore
1482 1206 1553 1231 tam
1577 1202 1711 1242 egregii
1743 1202 1884 1232 subsidii
1919 1212 2000 1232 usus

218 1257 354 1287 omnino
378 1256 625 1286 abiudicandus
648 1256 700 1290 sit,
726 1265 814 1294 quae
838 1255 954 1294 opinio
979 1265 1082 1294 quam
1107 1256 1222 1285 audax
1247 1255 1298 1289 sit,
1327 1255 1497 1285 neminem
1525 1255 1647 1295 fugere
1670 1262 1800 1295 potest,
1831 1262 1889 1286 aut
1912 1256 1999 1286 Pau-

211 1312 341 1342 saniam
371 1310 608 1350 anagrapham
634 1311 819 1340 admodum
843 1308 1063 1348 indiligenter
1087 1316 1120 1340 et
1145 1310 1216 1339 sine
1240 1314 1334 1339 certa
1357 1310 1479 1348 regula
1503 1315 1605 1348 prout
1629 1310 1761 1340 libitum
1779 1315 1880 1345 esset,
1906 1309 1999 1339 adhi-

210 1366 336 1396 buisse.
381 1365 607 1395 Devolvimur
640 1364 745 1403 igitur
779 1364 822 1394 ad
846 1374 1009 1403 magnam
1045 1370 1078 1394 et
1115 1363 1288 1394 difficilem
1313 1363 1568 1402 quaestionem,
1603 1373 1670 1402 qua
1705 1364 1890 1394 eruendum
1926 1363 1999 1398 erit,

211 1419 402 1449 Pausanias
426 1419 459 1448 in
481 1419 569 1448 libro
594 1428 656 1448 suo
682 1418 732 1448 VI
764 1418 888 1457 quibus
911 1418 1141 1457 potissumum
1175 1418 1326 1448 fontibus
1360 1423 1394 1447 et
1425 1418 1600 1457 quomodo
1637 1417 1685 1448 eis
1718 1428 1799 1448 usus
1833 1419 1884 1448 sit.
1929 1417 2001 1449 Sed

210 1475 295 1503 haec
324 1473 490 1512 quaestio,
515 1472 594 1502 licet
622 1472 739 1511 paullo
763 1471 977 1511 implicatior,
1013 1478 1128 1503 tamen
1160 1471 1365 1501 declinanda
1393 1477 1425 1501 et
1450 1470 1738 1510 subterfugienda
1766 1471 1914 1501 minume
1937 1477 1999 1505 est,

211 1527 378 1566 siquidem
406 1527 471 1556 hac
495 1526 569 1556 sola
592 1526 726 1556 ratione
751 1526 793 1555 de
817 1536 916 1561 anno,
940 1536 1010 1566 quo
1035 1536 1172 1556 carmen
1196 1525 1412 1555 Pindaricum
1437 1524 1518 1556 Ol.I
1541 1524 1770 1564 compositum
1794 1525 1846 1562 sit,
1871 1530 1999 1555 certam

213 1581 383 1611 iudicandi
406 1591 561 1610 normam
585 1590 710 1619 parare
733 1580 858 1611 licebit.

363 1634 482 1673 Atque
499 1639 573 1664 tota
587 1635 673 1664 haec
697 1634 853 1673 quaestio
871 1644 973 1673 quam
997 1633 1194 1664 necessaria
1211 1633 1262 1671 sit,
1287 1634 1341 1662 vel
1366 1633 1444 1663 inde
1468 1633 1621 1672 intellegi
1644 1638 1771 1672 potest,
1795 1633 1887 1672 quod
1909 1633 1999 1663 vela

213 1689 419 1719 doctissimis
434 1689 515 1718 viris
529 1689 722 1718 Pausaniae
737 1689 904 1727 insignem
926 1689 1098 1727 hodieque
1121 1687 1277 1717 iniuriam
1301 1687 1373 1717 fieri
1397 1687 1563 1717 videmus.
1587 1687 1721 1717 Etenim
1745 1687 1888 1727 egregie
1916 1697 1999 1717 sane

212 1743 336 1773 meruit
360 1743 403 1773 de
426 1748 500 1772 toto
521 1743 587 1772 hoc
604 1742 792 1772 studiorum
809 1752 948 1782 genere,
972 1743 1064 1782 quod
1080 1742 1112 1772 in
1130 1741 1330 1782 agonisticis
1344 1740 1527 1780 Olympiae
1550 1741 1810 1780 antiquitatibus
1832 1746 2000 1775 versatur,

210 1798 263 1827 vir
286 1797 604 1836 praestantissimus
626 1788 774 1826 Ioannes
797 1796 964 1836 RutgerS,
989 1806 1091 1835 quern
1114 1796 1254 1826 honoris
1277 1806 1401 1825 caussa
1425 1795 1574 1834 nomino,
1597 1795 1653 1834 qui
1676 1795 1710 1824 in
1734 1795 1863 1834 optimo
1888 1796 1932 1825 ad
1946 1795 2000 1825 Iu-

213 1852 292 1881 lium
309 1850 512 1881 Africanum
537 1851 786 1881 commentario
810 1850 1116 1890 olympionicarum
1139 1850 1285 1880 indicem
1309 1855 1379 1879 tam
1401 1850 1541 1889 plenum
1565 1853 1599 1879 et
1624 1849 1811 1888 copiosum,
1836 1854 1999 1888 quantum

213 1906 245 1935 in
268 1906 335 1935 hoc
358 1905 549 1935 litterarum
565 1904 748 1944 naufragio
765 1904 901 1934 omnino
924 1904 1027 1939 licuit,
1052 1904 1233 1935 restituere
1258 1909 1400 1933 conatus
1425 1909 1484 1934 est.
1513 1903 1546 1933 Is
1569 1903 1674 1942 igitur
1689 1903 1721 1933 in
1746 1903 1895 1933 editione
1906 1903 1999 1933 Afri-

211 1960 285 1990 cani
313 1970 344 1999 p.
370 1961 408 1990 32
434 1969 484 1998 sq.
510 1960 573 1989 sub
599 1960 641 1990 ol.
666 1959 705 1989 73
729 1961 780 1995 (=
796 1960 870 1989 488)
903 1960 1024 1988 ambas
1052 1959 1128 1988 illas
1156 1959 1318 1989 victorias
1349 1957 1492 1988 fratrum
1514 1967 1766 1997 germanorum,
1799 1957 1942 1988 Gelonis
1967 1964 2000 1987 et

210 2013 382 2048 Hieronis,
409 2014 553 2043 alteram
570 2023 740 2052 proxume
764 2013 861 2043 iuxta
875 2013 1017 2043 alteram
1030 2012 1224 2047 collocavit,
1251 2011 1389 2042 Pindari
1403 2011 1623 2042 scholiastam
1641 2016 1787 2046 secutus,
1811 2011 1868 2050 qui
1877 2011 1999 2042 Hiero-

213 2078 289 2098 nem
307 2068 350 2098 ol.
365 2068 404 2098 73
428 2068 478 2106 (=
493 2068 567 2105 488)
591 2067 701 2097 celete
724 2066 849 2097 vicisse
873 2067 986 2098 tradit.
1013 2067 1096 2097 Cum
1120 2068 1184 2097 hac
1208 2066 1416 2096 scholiastae
1432 2071 1625 2104 temporum
1643 2063 1839 2095 definitione
1852 2066 1999 2095 adversa

211 2122 322 2152 fronte
350 2126 483 2161 pugnat
509 2121 703 2151 Pausaniae
726 2121 786 2156 VI,
809 2122 837 2159 9,
861 2122 879 2151 4
911 2121 1108 2161 disputatio,
1142 2131 1244 2160 quam
1278 2121 1387 2160 ipsam
1421 2129 1557 2158 quoque
1580 2119 1792 2158 Rutgersius
1826 2120 1996 2158 adposuit,

213 2177 304 2206 nullo
329 2176 436 2205 verbo
460 2186 502 2206 ea
524 2176 612 2205 inter
637 2186 673 2205 se
697 2176 895 2215 discrepare
919 2175 1124 2215 significans.
1167 2175 1298 2205 Tamen
1322 2184 1486 2213 magnum
1511 2174 1633 2213 opinor
1657 2179 1719 2208 est,
1748 2174 1841 2212 quod
1866 2184 1910 2204 ex
1933 2175 1998 2204 hac

212 2230 348 2259 testium
374 2230 605 2269 discrepantia
629 2229 791 2269 sequitur.
836 2230 925 2259 Nam
950 2229 977 2259 si
998 2229 1206 2260 scholiastae
1231 2229 1275 2258 ad
1291 2228 1489 2263 Pindarum,
1513 2227 1548 2257 id
1571 2228 1665 2266 quod
1688 2228 1762 2257 volt
1775 2227 1997 2267 Rutgersius,

211 2283 298 2314 fides
320 2284 481 2313 habenda
505 2290 565 2321 est,
590 2284 786 2314 necessario
811 2285 853 2314 de
866 2283 1039 2313 Pausania
1063 2283 1281 2314 statuendum
1306 2283 1379 2317 erit,
1403 2292 1481 2312 eum
1505 2292 1547 2312 eo
1569 2282 1644 2320 ipso
1668 2283 1757 2316 loco,
1781 2282 1813 2311 in
1837 2292 1902 2320 quo
1926 2291 1995 2311 ma-

210 2347 314 2368 xume
337 2348 392 2368 res
416 2339 593 2377 poscebat,
615 2343 652 2367 ut
678 2338 880 2378 anagrapha
903 2337 1212 2377 olympionicarum
1237 2337 1421 2376 diligenter
1437 2337 1674 2376 inspiceretur,
1698 2335 1994 2375 praestantissimo

210 2392 288 2421 huic
314 2392 466 2422 subsidio
489 2402 634 2431 magnas
658 2391 761 2422 ferias
784 2398 818 2422 et
844 2392 949 2422 otium
977 2392 1182 2422 decrevisse.
1227 2391 1324 2421 Haec
1357 2396 1391 2421 et
1417 2390 1547 2426 similia,
1578 2400 1667 2430 quae
1690 2390 1882 2420 Pausaniae
1905 2399 1993 2420 nunc
