<?xml version="1.0" encoding="UTF-8"?>
<!DOCTYPE html PUBLIC "-//W3C//DTD XHTML 1.0 Transitional//EN"
    "http://www.w3.org/TR/xhtml1/DTD/xhtml1-transitional.dtd">
<html xmlns="http://www.w3.org/1999/xhtml" xml:lang="en" lang="en">
 <head>
  <title>
</title>
<meta http-equiv="Content-Type" content="text/html;charset=utf-8" />
  <meta name='ocr-system' content='tesseract 3.04.00' />
  <meta name='ocr-capabilities' content='ocr_page ocr_carea ocr_par ocr_line ocrx_word'/>
</head>
<body>
  <div class='ocr_page' id='page_1' title='image "./depindaripoetaee00luebuoft_0027.png"; bbox 0 0 2236 2979; ppageno 0'>
   <div class='ocr_carea' id='block_1_1' title="bbox 1008 281 1117 311">
    <p class='ocr_par' dir='ltr' id='par_1_1' title="bbox 1008 281 1117 311">
     <span class='ocr_line' id='line_1_1' title="bbox 1008 281 1117 311; baseline 0 -1"><span class='ocrx_word' id='word_1_1' title='bbox 1008 281 1117 311; x_wconf 74' lang='lat' dir='ltr'>XXV</span> 
     </span>
    </p>
   </div>
   <div class='ocr_carea' id='block_1_2' title="bbox 369 429 1758 579">
    <p class='ocr_par' dir='ltr' id='par_1_2' title="bbox 369 429 1758 579">
     <span class='ocr_line' id='line_1_2' title="bbox 369 429 1758 470; baseline 0.001 -11"><span class='ocrx_word' id='word_1_2' title='bbox 369 430 418 460; x_wconf 79' lang='lat'>24.</span> <span class='ocrx_word' id='word_1_3' title='bbox 457 429 561 459; x_wconf 80' lang='lat' dir='ltr'>Duris</span> <span class='ocrx_word' id='word_1_4' title='bbox 583 430 616 459; x_wconf 90' lang='lat' dir='ltr'>in</span> <span class='ocrx_word' id='word_1_5' title='bbox 640 431 753 469; x_wconf 85' lang='lat' dir='ltr'>patria</span> <span class='ocrx_word' id='word_1_6' title='bbox 775 432 912 470; x_wconf 85' lang='lat' dir='ltr'>quando</span> <span class='ocrx_word' id='word_1_7' title='bbox 938 431 1155 470; x_wconf 76' lang='lat' dir='ltr'>tyrannidem</span> <span class='ocrx_word' id='word_1_8' title='bbox 1179 430 1373 460; x_wconf 68' lang='lat' dir='ltr'>obtinuerit.</span> <span class='ocrx_word' id='word_1_9' title='bbox 1420 430 1474 460; x_wconf 87' lang='lat' dir='ltr'>De</span> <span class='ocrx_word' id='word_1_10' title='bbox 1497 436 1657 470; x_wconf 88' lang='lat' dir='ltr'>tempore</span> <span class='ocrx_word' id='word_1_11' title='bbox 1680 438 1758 461; x_wconf 82' lang='lat' dir='ltr'>ante</span> 
     </span>
     <span class='ocr_line' id='line_1_3' title="bbox 464 483 1668 525; baseline 0.001 -12"><span class='ocrx_word' id='word_1_12' title='bbox 464 494 615 523; x_wconf 83' lang='lat' dir='ltr'>pugnam</span> <span class='ocrx_word' id='word_1_13' title='bbox 639 485 731 524; x_wconf 84' lang='lat' dir='ltr'>apud</span> <span class='ocrx_word' id='word_1_14' title='bbox 755 485 870 525; x_wconf 86' lang='lat' dir='ltr'>Ipsum</span> <span class='ocrx_word' id='word_1_15' title='bbox 895 486 1052 525; x_wconf 84' lang='lat' dir='ltr'>cogitare</span> <span class='ocrx_word' id='word_1_16' title='bbox 1073 490 1168 515; x_wconf 82' lang='lat' dir='ltr'>vetat</span> <span class='ocrx_word' id='word_1_17' title='bbox 1191 485 1308 514; x_wconf 89' lang='lat' dir='ltr'>titulus</span> <span class='ocrx_word' id='word_1_18' title='bbox 1335 483 1468 514; x_wconf 80' lang='lat' dir='ltr'>Samius</span> <span class='ocrx_word' id='word_1_19' title='bbox 1492 491 1668 523; x_wconf 86' lang='lat' dir='ltr'>praestan-</span> 
     </span>
     <span class='ocr_line' id='line_1_4' title="bbox 638 538 1489 579; baseline 0 -10"><span class='ocrx_word' id='word_1_20' title='bbox 638 540 799 570; x_wconf 83' lang='lat' dir='ltr'>tissumus</span> <span class='ocrx_word' id='word_1_21' title='bbox 822 539 922 579; x_wconf 89' lang='lat' dir='ltr'>Corp.</span> <span class='ocrx_word' id='word_1_22' title='bbox 945 540 1049 571; x_wconf 89' lang='lat' dir='ltr'>Inscr.</span> <span class='ocrx_word' id='word_1_23' title='bbox 1076 538 1132 570; x_wconf 88' lang='lat' dir='ltr'>Gr.</span> <span class='ocrx_word' id='word_1_24' title='bbox 1155 539 1222 569; x_wconf 87' lang='lat' dir='ltr'>vol.</span> <span class='ocrx_word' id='word_1_25' title='bbox 1244 538 1286 573; x_wconf 87' lang='grc' dir='ltr'>ΙΙ,</span> <span class='ocrx_word' id='word_1_26' title='bbox 1308 538 1371 568; x_wconf 73' lang='lat' dir='ltr'>No.</span> <span class='ocrx_word' id='word_1_27' title='bbox 1400 539 1489 569; x_wconf 78' lang='lat'><strong>2254.</strong></span> 
     </span>
    </p>
   </div>
   <div class='ocr_carea' id='block_1_3' title="bbox 170 629 1953 2241">
    <p class='ocr_par' dir='ltr' id='par_1_3' title="bbox 170 629 1953 1427">
     <span class='ocr_line' id='line_1_5' title="bbox 315 629 1952 671; baseline 0.001 -11"><span class='ocrx_word' id='word_1_28' title='bbox 315 631 467 671; x_wconf 77' lang='lat' dir='ltr'>Tempus</span> <span class='ocrx_word' id='word_1_29' title='bbox 491 631 647 670; x_wconf 83' lang='lat' dir='ltr'>denique,</span> <span class='ocrx_word' id='word_1_30' title='bbox 671 641 739 670; x_wconf 88' lang='lat' dir='ltr'>quo</span> <span class='ocrx_word' id='word_1_31' title='bbox 763 637 928 671; x_wconf 87' lang='lat' dir='ltr'>tyrannus</span> <span class='ocrx_word' id='word_1_32' title='bbox 951 632 1056 662; x_wconf 88' lang='lat' dir='ltr'>Duris</span> <span class='ocrx_word' id='word_1_33' title='bbox 1079 632 1111 661; x_wconf 92' lang='lat' dir='ltr'>in</span> <span class='ocrx_word' id='word_1_34' title='bbox 1134 631 1246 670; x_wconf 89' lang='lat' dir='ltr'>patria</span> <span class='ocrx_word' id='word_1_35' title='bbox 1268 641 1330 660; x_wconf 85' lang='lat' dir='ltr'>sua</span> <span class='ocrx_word' id='word_1_36' title='bbox 1354 629 1466 664; x_wconf 85' lang='lat' dir='ltr'>fuerit,</span> <span class='ocrx_word' id='word_1_37' title='bbox 1504 631 1595 660; x_wconf 84' lang='lat' dir='ltr'>haud</span> <span class='ocrx_word' id='word_1_38' title='bbox 1628 630 1728 661; x_wconf 89' lang='lat' dir='ltr'>facile</span> <span class='ocrx_word' id='word_1_39' title='bbox 1752 638 1804 661; x_wconf 84' lang='lat' dir='ltr'>est</span> <span class='ocrx_word' id='word_1_40' title='bbox 1828 632 1871 661; x_wconf 85' lang='lat' dir='ltr'>ad</span> <span class='ocrx_word' id='word_1_41' title='bbox 1895 632 1952 662; x_wconf 91' lang='lat' dir='ltr'>de-</span> 
     </span>
     <span class='ocr_line' id='line_1_6' title="bbox 170 682 1952 724; baseline 0 -9"><span class='ocrx_word' id='word_1_42' title='bbox 170 684 364 715; x_wconf 87' lang='lat' dir='ltr'>finiendum.</span> <span class='ocrx_word' id='word_1_43' title='bbox 407 685 495 715; x_wconf 82' lang='lat' dir='ltr'>Nam</span> <span class='ocrx_word' id='word_1_44' title='bbox 518 686 636 724; x_wconf 80' lang='lat' dir='ltr'>paucis</span> <span class='ocrx_word' id='word_1_45' title='bbox 660 685 755 715; x_wconf 86' lang='lat' dir='ltr'>annis</span> <span class='ocrx_word' id='word_1_46' title='bbox 778 692 857 724; x_wconf 91' lang='lat' dir='ltr'>post</span> <span class='ocrx_word' id='word_1_47' title='bbox 879 686 1073 716; x_wconf 69' lang='lat' dir='ltr'>restitutam</span> <span class='ocrx_word' id='word_1_48' title='bbox 1097 685 1246 724; x_wconf 78' lang='lat' dir='ltr'>antiquis</span> <span class='ocrx_word' id='word_1_49' title='bbox 1269 684 1388 715; x_wconf 89' lang='lat' dir='ltr'>incolis</span> <span class='ocrx_word' id='word_1_50' title='bbox 1414 682 1562 719; x_wconf 77' lang='lat' dir='ltr'>Samum,</span> <span class='ocrx_word' id='word_1_51' title='bbox 1582 684 1700 714; x_wconf 79' lang='lat' dir='ltr'>infelix</span> <span class='ocrx_word' id='word_1_52' title='bbox 1716 685 1825 715; x_wconf 82' lang='lat' dir='ltr'>insula</span> <span class='ocrx_word' id='word_1_53' title='bbox 1840 686 1952 715; x_wconf 91' lang='lat' dir='ltr'>denuo</span> 
     </span>
     <span class='ocr_line' id='line_1_7' title="bbox 172 737 1952 779; baseline 0 -10"><span class='ocrx_word' id='word_1_54' title='bbox 172 750 192 769; x_wconf 87' lang='lat' dir='ltr'>a</span> <span class='ocrx_word' id='word_1_55' title='bbox 214 739 512 779; x_wconf 76' lang='lat' dir='ltr'>Polysperchonte</span> <span class='ocrx_word' id='word_1_56' title='bbox 536 739 805 769; x_wconf 76' lang='lat' dir='ltr'>Atheniensibus</span> <span class='ocrx_word' id='word_1_57' title='bbox 829 740 956 769; x_wconf 87' lang='lat' dir='ltr'>donata</span> <span class='ocrx_word' id='word_1_58' title='bbox 979 746 1040 773; x_wconf 84' lang='lat' dir='ltr'>est,</span> <span class='ocrx_word' id='word_1_59' title='bbox 1072 749 1160 769; x_wconf 90' lang='lat' dir='ltr'>anno</span> <span class='ocrx_word' id='word_1_60' title='bbox 1185 740 1254 769; x_wconf 86' lang='lat'>319.</span> <span class='ocrx_word' id='word_1_61' title='bbox 1304 739 1480 768; x_wconf 85' lang='lat' dir='ltr'>Diodorus</span> <span class='ocrx_word' id='word_1_62' title='bbox 1508 737 1640 771; x_wconf 83' lang='lat' dir='ltr'>XVIII,</span> <span class='ocrx_word' id='word_1_63' title='bbox 1678 739 1717 768; x_wconf 78' lang='lat'>56</span> <span class='ocrx_word' id='word_1_64' title='bbox 1751 740 1783 768; x_wconf 90' lang='lat' dir='ltr'>in</span> <span class='ocrx_word' id='word_1_65' title='bbox 1813 740 1952 769; x_wconf 88' lang='lat' dir='ltr'>decreto</span> 
     </span>
     <span class='ocr_line' id='line_1_8' title="bbox 171 793 1952 833; baseline 0.001 -10"><span class='ocrx_word' id='word_1_66' title='bbox 171 793 476 833; x_wconf 87' lang='lat' dir='ltr'>Polysperchontis</span> <span class='ocrx_word' id='word_1_67' title='bbox 510 795 596 823; x_wconf 91' lang='lat' dir='ltr'>haec</span> <span class='ocrx_word' id='word_1_68' title='bbox 630 793 756 824; x_wconf 80' lang='lat' dir='ltr'>adfert:</span> <span class='ocrx_word' id='word_1_69' title='bbox 790 793 899 831; x_wconf 74' lang='grc' dir='ltr'>Σάμον</span> <span class='ocrx_word' id='word_1_70' title='bbox 932 795 967 824; x_wconf 80' lang='grc' dir='ltr'>δὲ</span> <span class='ocrx_word' id='word_1_71' title='bbox 997 794 1125 831; x_wconf 79' lang='grc' dir='ltr'>δίδομεν</span> <span class='ocrx_word' id='word_1_72' title='bbox 1155 793 1339 831; x_wconf 81' lang='grc' dir='ltr'>Ἀθηναίοις,</span> <span class='ocrx_word' id='word_1_73' title='bbox 1375 793 1481 830; x_wconf 82' lang='grc' dir='ltr'>ἐπειδὴ</span> <span class='ocrx_word' id='word_1_74' title='bbox 1511 793 1561 823; x_wconf 87' lang='grc' dir='ltr'>καὶ</span> <span class='ocrx_word' id='word_1_75' title='bbox 1589 793 1747 830; x_wconf 84' lang='grc' dir='ltr'>Φίλιππος</span> <span class='ocrx_word' id='word_1_76' title='bbox 1781 794 1898 824; x_wconf 78' lang='grc' dir='ltr'>ἔδωκεν</span> <span class='ocrx_word' id='word_1_77' title='bbox 1934 794 1952 824; x_wconf 85' lang='grc' dir='ltr'>ὁ</span> 
     </span>
     <span class='ocr_line' id='line_1_9' title="bbox 172 844 1952 887; baseline -0.001 -9"><span class='ocrx_word' id='word_1_78' title='bbox 172 848 283 886; x_wconf 84' lang='grc' dir='ltr'>πατήρ.</span> <span class='ocrx_word' id='word_1_79' title='bbox 307 847 393 878; x_wconf 87' lang='lat' dir='ltr'>conf.</span> <span class='ocrx_word' id='word_1_80' title='bbox 417 847 590 887; x_wconf 69' lang='lat' dir='ltr'>Droysen.</span> <span class='ocrx_word' id='word_1_81' title='bbox 614 846 796 886; x_wconf 83' lang='lat' dir='ltr'>Epigonen</span> <span class='ocrx_word' id='word_1_82' title='bbox 821 847 866 881; x_wconf 75' lang='lat'>1⁶2,</span> <span class='ocrx_word' id='word_1_83' title='bbox 889 848 959 881; x_wconf 79' lang='lat'><strong>226,</strong></span> <span class='ocrx_word' id='word_1_84' title='bbox 976 852 1043 876; x_wconf 90' lang='lat' dir='ltr'>not.</span> <span class='ocrx_word' id='word_1_85' title='bbox 1062 847 1093 883; x_wconf 76' lang='lat'>13</span> <span class='ocrx_word' id='word_1_86' title='bbox 1118 845 1265 885; x_wconf 61' lang='lat' dir='ltr'>Schaef„</span> <span class='ocrx_word' id='word_1_87' title='bbox 1281 846 1380 876; x_wconf 93' lang='lat' dir='ltr'>Dem.</span> <span class='ocrx_word' id='word_1_88' title='bbox 1401 845 1459 876; x_wconf 91' lang='lat' dir='ltr'>III.</span> <span class='ocrx_word' id='word_1_89' title='bbox 1477 846 1525 876; x_wconf 82' lang='grc'>26.</span> <span class='ocrx_word' id='word_1_90' title='bbox 1549 844 1620 876; x_wconf 88' lang='lat' dir='ltr'>Sed</span> <span class='ocrx_word' id='word_1_91' title='bbox 1637 844 1742 876; x_wconf 87' lang='lat' dir='ltr'>Samii</span> <span class='ocrx_word' id='word_1_92' title='bbox 1757 846 1952 876; x_wconf 88' lang='lat' dir='ltr'>libertatem</span> 
     </span>
     <span class='ocr_line' id='line_1_10' title="bbox 173 899 1952 937; baseline -0.001 -6"><span class='ocrx_word' id='word_1_93' title='bbox 173 903 220 932; x_wconf 89' lang='lat' dir='ltr'>ita</span> <span class='ocrx_word' id='word_1_94' title='bbox 244 901 438 932; x_wconf 78' lang='lat' dir='ltr'>defendisse</span> <span class='ocrx_word' id='word_1_95' title='bbox 463 902 629 937; x_wconf 76' lang='lat' dir='ltr'>videntur,</span> <span class='ocrx_word' id='word_1_96' title='bbox 657 908 693 931; x_wconf 89' lang='lat' dir='ltr'>ut</span> <span class='ocrx_word' id='word_1_97' title='bbox 716 901 948 931; x_wconf 79' lang='lat' dir='ltr'>Athenienses</span> <span class='ocrx_word' id='word_1_98' title='bbox 973 910 993 929; x_wconf 91' lang='lat' dir='ltr'>a</span> <span class='ocrx_word' id='word_1_99' title='bbox 1017 901 1249 930; x_wconf 79' lang='lat' dir='ltr'>dominatione</span> <span class='ocrx_word' id='word_1_100' title='bbox 1275 900 1481 930; x_wconf 86' lang='lat' dir='ltr'>stabilienda</span> <span class='ocrx_word' id='word_1_101' title='bbox 1505 906 1539 930; x_wconf 89' lang='lat' dir='ltr'>et</span> <span class='ocrx_word' id='word_1_102' title='bbox 1564 910 1583 929; x_wconf 89' lang='lat' dir='ltr'>a</span> <span class='ocrx_word' id='word_1_103' title='bbox 1599 899 1766 930; x_wconf 84' lang='lat' dir='ltr'>cleruchis</span> <span class='ocrx_word' id='word_1_104' title='bbox 1783 901 1952 930; x_wconf 87' lang='lat' dir='ltr'>deducen-</span> 
     </span>
     <span class='ocr_line' id='line_1_11' title="bbox 173 953 1953 994; baseline -0.001 -8"><span class='ocrx_word' id='word_1_105' title='bbox 173 956 224 986; x_wconf 85' lang='lat' dir='ltr'>dis</span> <span class='ocrx_word' id='word_1_106' title='bbox 258 957 398 986; x_wconf 86' lang='lat' dir='ltr'>tandem</span> <span class='ocrx_word' id='word_1_107' title='bbox 433 956 650 986; x_wconf 88' lang='lat' dir='ltr'>absisterent.</span> <span class='ocrx_word' id='word_1_108' title='bbox 708 956 891 986; x_wconf 81' lang='lat' dir='ltr'>Proxumis</span> <span class='ocrx_word' id='word_1_109' title='bbox 929 955 1055 985; x_wconf 91' lang='lat' dir='ltr'>deinde</span> <span class='ocrx_word' id='word_1_110' title='bbox 1091 955 1186 984; x_wconf 86' lang='lat' dir='ltr'>annis</span> <span class='ocrx_word' id='word_1_111' title='bbox 1226 955 1369 985; x_wconf 80' lang='lat' dir='ltr'>liberam</span> <span class='ocrx_word' id='word_1_112' title='bbox 1407 955 1508 994; x_wconf 87' lang='lat' dir='ltr'>plane</span> <span class='ocrx_word' id='word_1_113' title='bbox 1541 953 1682 985; x_wconf 82' lang='lat' dir='ltr'>Samum</span> <span class='ocrx_word' id='word_1_114' title='bbox 1723 960 1756 984; x_wconf 87' lang='lat' dir='ltr'>et</span> <span class='ocrx_word' id='word_1_115' title='bbox 1789 955 1839 984; x_wconf 86' lang='lat' dir='ltr'>sui</span> <span class='ocrx_word' id='word_1_116' title='bbox 1872 955 1953 985; x_wconf 86' lang='lat' dir='ltr'>iuris</span> 
     </span>
     <span class='ocr_line' id='line_1_12' title="bbox 171 1009 1952 1050; baseline -0.001 -10"><span class='ocrx_word' id='word_1_117' title='bbox 171 1010 287 1046; x_wconf 80' lang='lat' dir='ltr'>fuisse.</span> <span class='ocrx_word' id='word_1_118' title='bbox 312 1010 456 1050; x_wconf 80' lang='lat' dir='ltr'>egregio</span> <span class='ocrx_word' id='word_1_119' title='bbox 481 1010 709 1049; x_wconf 83' lang='lat' dir='ltr'>inscriptionis</span> <span class='ocrx_word' id='word_1_120' title='bbox 733 1010 907 1040; x_wconf 88' lang='lat' dir='ltr'>cuiusdam</span> <span class='ocrx_word' id='word_1_121' title='bbox 931 1011 1137 1039; x_wconf 84' lang='lat' dir='ltr'>documento</span> <span class='ocrx_word' id='word_1_122' title='bbox 1160 1015 1306 1047; x_wconf 68' lang='lat' dir='ltr'>constat3</span> <span class='ocrx_word' id='word_1_123' title='bbox 1340 1010 1507 1039; x_wconf 84' lang='lat' dir='ltr'>habemus</span> <span class='ocrx_word' id='word_1_124' title='bbox 1531 1009 1709 1048; x_wconf 78' lang='lat' dir='ltr'>exemplar</span> <span class='ocrx_word' id='word_1_125' title='bbox 1733 1009 1861 1038; x_wconf 87' lang='lat' dir='ltr'>decreti</span> <span class='ocrx_word' id='word_1_126' title='bbox 1883 1009 1952 1048; x_wconf 80' lang='lat' dir='ltr'>Ly-</span> 
     </span>
     <span class='ocr_line' id='line_1_13' title="bbox 173 1062 1952 1102; baseline 0 -9"><span class='ocrx_word' id='word_1_127' title='bbox 173 1063 313 1094; x_wconf 79' lang='lat' dir='ltr'>simachi</span> <span class='ocrx_word' id='word_1_128' title='bbox 335 1063 437 1102; x_wconf 81' lang='lat' dir='ltr'>regis‚</span> <span class='ocrx_word' id='word_1_129' title='bbox 462 1073 530 1102; x_wconf 91' lang='lat' dir='ltr'>quo</span> <span class='ocrx_word' id='word_1_130' title='bbox 554 1063 824 1093; x_wconf 77' lang='lat' dir='ltr'>controversiam</span> <span class='ocrx_word' id='word_1_131' title='bbox 848 1063 973 1092; x_wconf 86' lang='lat' dir='ltr'>dirimit</span> <span class='ocrx_word' id='word_1_132' title='bbox 997 1062 1190 1094; x_wconf 79' lang='lat' dir='ltr'>Samiorum</span> <span class='ocrx_word' id='word_1_133' title='bbox 1213 1069 1246 1092; x_wconf 87' lang='lat' dir='ltr'>et</span> <span class='ocrx_word' id='word_1_134' title='bbox 1270 1063 1504 1093; x_wconf 85' lang='lat' dir='ltr'>Prienensium</span> <span class='ocrx_word' id='word_1_135' title='bbox 1535 1064 1576 1093; x_wconf 90' lang='lat' dir='ltr'>de</span> <span class='ocrx_word' id='word_1_136' title='bbox 1600 1068 1714 1092; x_wconf 88' lang='lat' dir='ltr'>terrae</span> <span class='ocrx_word' id='word_1_137' title='bbox 1736 1062 1952 1101; x_wconf 86' lang='lat' dir='ltr'>Batinetidis,</span> 
     </span>
     <span class='ocr_line' id='line_1_14' title="bbox 171 1116 1951 1156; baseline -0.001 -9"><span class='ocrx_word' id='word_1_138' title='bbox 171 1118 204 1147; x_wconf 89' lang='lat' dir='ltr'>in</span> <span class='ocrx_word' id='word_1_139' title='bbox 227 1116 379 1147; x_wconf 87' lang='lat' dir='ltr'>confiniis</span> <span class='ocrx_word' id='word_1_140' title='bbox 413 1118 590 1147; x_wconf 88' lang='lat' dir='ltr'>ambarum</span> <span class='ocrx_word' id='word_1_141' title='bbox 627 1117 814 1147; x_wconf 72' lang='lat' dir='ltr'>civitatium</span> <span class='ocrx_word' id='word_1_142' title='bbox 849 1117 922 1155; x_wconf 79' lang='lat' dir='ltr'>sita,</span> <span class='ocrx_word' id='word_1_143' title='bbox 956 1117 1186 1156; x_wconf 89' lang='lat' dir='ltr'>possessione.</span> <span class='ocrx_word' id='word_1_144' title='bbox 1237 1116 1463 1156; x_wconf 84' lang='lat' dir='ltr'>Lysimachus</span> <span class='ocrx_word' id='word_1_145' title='bbox 1488 1127 1562 1147; x_wconf 89' lang='lat' dir='ltr'>eam</span> <span class='ocrx_word' id='word_1_146' title='bbox 1585 1116 1709 1148; x_wconf 87' lang='lat' dir='ltr'>Samiis</span> <span class='ocrx_word' id='word_1_147' title='bbox 1732 1116 1951 1147; x_wconf 80' lang='lat' dir='ltr'>adiudicavit.</span> 
     </span>
     <span class='ocr_line' id='line_1_15' title="bbox 170 1170 1952 1209; baseline 0 -9"><span class='ocrx_word' id='word_1_148' title='bbox 170 1170 293 1201; x_wconf 88' lang='lat' dir='ltr'>Editus</span> <span class='ocrx_word' id='word_1_149' title='bbox 318 1177 369 1201; x_wconf 89' lang='lat' dir='ltr'>est</span> <span class='ocrx_word' id='word_1_150' title='bbox 392 1171 511 1200; x_wconf 86' lang='lat' dir='ltr'>titulus</span> <span class='ocrx_word' id='word_1_151' title='bbox 535 1171 567 1200; x_wconf 92' lang='lat' dir='ltr'>in</span> <span class='ocrx_word' id='word_1_152' title='bbox 592 1170 692 1209; x_wconf 89' lang='lat' dir='ltr'>Corp.</span> <span class='ocrx_word' id='word_1_153' title='bbox 715 1170 819 1200; x_wconf 86' lang='lat' dir='ltr'>Inscr.</span> <span class='ocrx_word' id='word_1_154' title='bbox 843 1170 904 1201; x_wconf 88' lang='lat' dir='ltr'>Gr.</span> <span class='ocrx_word' id='word_1_155' title='bbox 926 1170 969 1206; x_wconf 88' lang='lat' dir='ltr'>H,</span> <span class='ocrx_word' id='word_1_156' title='bbox 993 1181 1047 1201; x_wconf 88' lang='lat' dir='ltr'>no.</span> <span class='ocrx_word' id='word_1_157' title='bbox 1071 1171 1153 1201; x_wconf 83' lang='lat'><strong>2254</strong></span> <span class='ocrx_word' id='word_1_158' title='bbox 1176 1180 1207 1209; x_wconf 92' lang='lat' dir='ltr'>p.</span> <span class='ocrx_word' id='word_1_159' title='bbox 1232 1171 1302 1205; x_wconf 82' lang='grc'>214,</span> <span class='ocrx_word' id='word_1_160' title='bbox 1338 1171 1531 1209; x_wconf 80' lang='lat' dir='ltr'>explicatus</span> <span class='ocrx_word' id='word_1_161' title='bbox 1563 1181 1584 1200; x_wconf 89' lang='lat' dir='ltr'>a</span> <span class='ocrx_word' id='word_1_162' title='bbox 1614 1170 1792 1201; x_wconf 88' lang='lat' dir='ltr'>Boeckhio</span> <span class='ocrx_word' id='word_1_163' title='bbox 1824 1171 1952 1201; x_wconf 89' lang='lat' dir='ltr'>ibidem</span> 
     </span>
     <span class='ocr_line' id='line_1_16' title="bbox 172 1224 1951 1265; baseline 0.001 -12"><span class='ocrx_word' id='word_1_164' title='bbox 172 1230 205 1254; x_wconf 89' lang='lat' dir='ltr'>et</span> <span class='ocrx_word' id='word_1_165' title='bbox 235 1234 310 1254; x_wconf 90' lang='lat' dir='ltr'>cum</span> <span class='ocrx_word' id='word_1_166' title='bbox 342 1224 591 1263; x_wconf 88' lang='lat' dir='ltr'>supplementis</span> <span class='ocrx_word' id='word_1_167' title='bbox 626 1225 669 1254; x_wconf 90' lang='lat' dir='ltr'>ad</span> <span class='ocrx_word' id='word_1_168' title='bbox 696 1234 749 1255; x_wconf 90' lang='lat' dir='ltr'>no.</span> <span class='ocrx_word' id='word_1_169' title='bbox 771 1225 851 1255; x_wconf 72' lang='lat'>2905</span> <span class='ocrx_word' id='word_1_170' title='bbox 882 1235 915 1264; x_wconf 89' lang='lat' dir='ltr'>p.</span> <span class='ocrx_word' id='word_1_171' title='bbox 937 1225 1007 1255; x_wconf 80' lang='lat'>574.</span> <span class='ocrx_word' id='word_1_172' title='bbox 1032 1224 1258 1264; x_wconf 81' lang='lat' dir='ltr'>Lysimachus</span> <span class='ocrx_word' id='word_1_173' title='bbox 1281 1235 1356 1255; x_wconf 88' lang='lat' dir='ltr'>cum</span> <span class='ocrx_word' id='word_1_174' title='bbox 1380 1226 1443 1255; x_wconf 88' lang='lat' dir='ltr'>hac</span> <span class='ocrx_word' id='word_1_175' title='bbox 1468 1225 1615 1255; x_wconf 88' lang='lat' dir='ltr'>formula</span> <span class='ocrx_word' id='word_1_176' title='bbox 1638 1225 1798 1265; x_wconf 83' lang='lat' dir='ltr'>ingressu</span> <span class='ocrx_word' id='word_1_177' title='bbox 1819 1231 1951 1255; x_wconf 87' lang='lat' dir='ltr'>utatur:</span> 
     </span>
     <span class='ocr_line' id='line_1_17' title="bbox 172 1279 1951 1320; baseline 0 -11"><span class='ocrx_word' id='word_1_178' title='bbox 172 1279 328 1317; x_wconf 83' lang='grc' dir='ltr'>Βασιλεὺς</span> <span class='ocrx_word' id='word_1_179' title='bbox 351 1279 533 1317; x_wconf 85' lang='grc' dir='ltr'>Λυσίμαχος</span> <span class='ocrx_word' id='word_1_180' title='bbox 560 1279 688 1317; x_wconf 83' lang='grc' dir='ltr'>Σαμίων</span> <span class='ocrx_word' id='word_1_181' title='bbox 710 1282 747 1318; x_wconf 83' lang='grc' dir='ltr'>τῇ</span> <span class='ocrx_word' id='word_1_182' title='bbox 772 1281 869 1319; x_wconf 83' lang='grc' dir='ltr'>βουλῇ</span> <span class='ocrx_word' id='word_1_183' title='bbox 893 1280 944 1310; x_wconf 86' lang='grc' dir='ltr'>καὶ</span> <span class='ocrx_word' id='word_1_184' title='bbox 967 1282 1011 1320; x_wconf 81' lang='grc' dir='ltr'>τῷ</span> <span class='ocrx_word' id='word_1_185' title='bbox 1036 1281 1124 1320; x_wconf 80' lang='grc' dir='ltr'>δήμῳ</span> <span class='ocrx_word' id='word_1_186' title='bbox 1148 1280 1277 1317; x_wconf 73' lang='grc' dir='ltr'>χαίρειν,</span> <span class='ocrx_word' id='word_1_187' title='bbox 1301 1289 1491 1318; x_wconf 83' lang='lat' dir='ltr'>cognoscas</span> <span class='ocrx_word' id='word_1_188' title='bbox 1514 1280 1658 1309; x_wconf 80' lang='lat' dir='ltr'>liberam</span> <span class='ocrx_word' id='word_1_189' title='bbox 1680 1279 1854 1310; x_wconf 87' lang='lat' dir='ltr'>civitatem</span> <span class='ocrx_word' id='word_1_190' title='bbox 1872 1285 1951 1309; x_wconf 89' lang='lat' dir='ltr'>tunc</span> 
     </span>
     <span class='ocr_line' id='line_1_18' title="bbox 170 1332 1950 1373; baseline 0.001 -11"><span class='ocrx_word' id='word_1_191' title='bbox 170 1332 286 1363; x_wconf 76' lang='lat' dir='ltr'>fuisse.</span> <span class='ocrx_word' id='word_1_192' title='bbox 330 1333 558 1372; x_wconf 76' lang='lat' dir='ltr'>Droysenius,</span> <span class='ocrx_word' id='word_1_193' title='bbox 582 1333 787 1363; x_wconf 89' lang='lat' dir='ltr'>Diadochen</span> <span class='ocrx_word' id='word_1_194' title='bbox 811 1334 855 1368; x_wconf 73' lang='lat'>12,</span> <span class='ocrx_word' id='word_1_195' title='bbox 879 1334 927 1369; x_wconf 80' lang='lat'>81,</span> <span class='ocrx_word' id='word_1_196' title='bbox 950 1340 1020 1364; x_wconf 92' lang='lat' dir='ltr'>not.</span> <span class='ocrx_word' id='word_1_197' title='bbox 1044 1335 1063 1365; x_wconf 88' lang='grc'>4</span> <span class='ocrx_word' id='word_1_198' title='bbox 1086 1344 1174 1364; x_wconf 87' lang='lat' dir='ltr'>anno</span> <span class='ocrx_word' id='word_1_199' title='bbox 1197 1335 1256 1364; x_wconf 79' lang='lat'><strong>302</strong></span> <span class='ocrx_word' id='word_1_200' title='bbox 1278 1335 1366 1363; x_wconf 89' lang='lat' dir='ltr'>hanc</span> <span class='ocrx_word' id='word_1_201' title='bbox 1393 1334 1649 1373; x_wconf 89' lang='lat' dir='ltr'>inscriptionem</span> <span class='ocrx_word' id='word_1_202' title='bbox 1678 1341 1781 1368; x_wconf 88' lang='lat' dir='ltr'>recte,</span> <span class='ocrx_word' id='word_1_203' title='bbox 1814 1334 1950 1373; x_wconf 81' lang='lat' dir='ltr'>opinor,</span> 
     </span>
     <span class='ocr_line' id='line_1_19' title="bbox 173 1386 1030 1427; baseline 0.002 -10"><span class='ocrx_word' id='word_1_204' title='bbox 173 1387 370 1427; x_wconf 81' lang='lat' dir='ltr'>adscripsit;</span> <span class='ocrx_word' id='word_1_205' title='bbox 393 1386 480 1417; x_wconf 89' lang='lat' dir='ltr'>conf.</span> <span class='ocrx_word' id='word_1_206' title='bbox 506 1388 660 1426; x_wconf 81' lang='lat' dir='ltr'>eundem,</span> <span class='ocrx_word' id='word_1_207' title='bbox 683 1387 865 1427; x_wconf 82' lang='lat' dir='ltr'>Epigonen</span> <span class='ocrx_word' id='word_1_208' title='bbox 889 1388 934 1423; x_wconf 77' lang='lat'>12,</span> <span class='ocrx_word' id='word_1_209' title='bbox 960 1389 1030 1419; x_wconf 84' lang='grc'>226.</span> 
     </span>
    </p>

    <p class='ocr_par' dir='ltr' id='par_1_4' title="bbox 170 1441 1952 2241">
     <span class='ocr_line' id='line_1_20' title="bbox 323 1441 1950 1482; baseline 0 -11"><span class='ocrx_word' id='word_1_210' title='bbox 323 1441 438 1481; x_wconf 79' lang='lat' dir='ltr'>Quare</span> <span class='ocrx_word' id='word_1_211' title='bbox 462 1441 489 1471; x_wconf 84' lang='lat' dir='ltr'>si</span> <span class='ocrx_word' id='word_1_212' title='bbox 512 1452 553 1472; x_wconf 93' lang='lat' dir='ltr'>eo</span> <span class='ocrx_word' id='word_1_213' title='bbox 577 1447 732 1480; x_wconf 88' lang='lat' dir='ltr'>tempore</span> <span class='ocrx_word' id='word_1_214' title='bbox 754 1442 862 1471; x_wconf 91' lang='lat' dir='ltr'>libera</span> <span class='ocrx_word' id='word_1_215' title='bbox 885 1441 947 1472; x_wconf 78' lang='lat' dir='ltr'>fuit</span> <span class='ocrx_word' id='word_1_216' title='bbox 970 1442 1164 1482; x_wconf 86' lang='lat' dir='ltr'>respublica</span> <span class='ocrx_word' id='word_1_217' title='bbox 1189 1441 1392 1478; x_wconf 72' lang='lat' dir='ltr'>Samiorum.</span> <span class='ocrx_word' id='word_1_218' title='bbox 1423 1441 1606 1481; x_wconf 85' lang='lat' dir='ltr'>quaeritur,</span> <span class='ocrx_word' id='word_1_219' title='bbox 1641 1442 1777 1481; x_wconf 88' lang='lat' dir='ltr'>quando</span> <span class='ocrx_word' id='word_1_220' title='bbox 1811 1442 1950 1472; x_wconf 87' lang='lat' dir='ltr'>tandem</span> 
     </span>
     <span class='ocr_line' id='line_1_21' title="bbox 171 1495 1950 1536; baseline 0 -11"><span class='ocrx_word' id='word_1_221' title='bbox 171 1496 276 1526; x_wconf 88' lang='lat' dir='ltr'>Duris</span> <span class='ocrx_word' id='word_1_222' title='bbox 309 1496 524 1535; x_wconf 85' lang='lat' dir='ltr'>tyrannidem</span> <span class='ocrx_word' id='word_1_223' title='bbox 562 1496 756 1526; x_wconf 85' lang='lat' dir='ltr'>obtinuerit.</span> <span class='ocrx_word' id='word_1_224' title='bbox 813 1495 1102 1526; x_wconf 78' lang='lat' dir='ltr'>Westermannus</span> <span class='ocrx_word' id='word_1_225' title='bbox 1132 1497 1165 1526; x_wconf 91' lang='lat' dir='ltr'>in</span> <span class='ocrx_word' id='word_1_226' title='bbox 1189 1496 1309 1536; x_wconf 86' lang='lat' dir='ltr'>Pauly,</span> <span class='ocrx_word' id='word_1_227' title='bbox 1333 1496 1697 1536; x_wconf 84' lang='lat' dir='ltr'>Realencyclopaedie</span> <span class='ocrx_word' id='word_1_228' title='bbox 1722 1506 1746 1526; x_wconf 89' lang='lat' dir='ltr'>s.</span> <span class='ocrx_word' id='word_1_229' title='bbox 1769 1506 1799 1527; x_wconf 78' lang='lat' dir='ltr'>v.</span> <span class='ocrx_word' id='word_1_230' title='bbox 1824 1495 1950 1526; x_wconf 86' lang='lat' dir='ltr'>Samos</span> 
     </span>
     <span class='ocr_line' id='line_1_22' title="bbox 170 1549 1952 1590; baseline -0.001 -9"><span class='ocrx_word' id='word_1_231' title='bbox 170 1561 202 1590; x_wconf 91' lang='lat' dir='ltr'>p.</span> <span class='ocrx_word' id='word_1_232' title='bbox 228 1551 296 1581; x_wconf 74' lang='grc'>736.</span> <span class='ocrx_word' id='word_1_233' title='bbox 321 1556 407 1581; x_wconf 80' lang='lat' dir='ltr'>extr.</span> <span class='ocrx_word' id='word_1_234' title='bbox 442 1550 476 1580; x_wconf 92' lang='lat' dir='ltr'>in</span> <span class='ocrx_word' id='word_1_235' title='bbox 507 1560 547 1580; x_wconf 90' lang='lat' dir='ltr'>ea</span> <span class='ocrx_word' id='word_1_236' title='bbox 576 1549 746 1580; x_wconf 86' lang='lat' dir='ltr'>sententia</span> <span class='ocrx_word' id='word_1_237' title='bbox 780 1556 841 1589; x_wconf 83' lang='lat' dir='ltr'>est,</span> <span class='ocrx_word' id='word_1_238' title='bbox 869 1549 1011 1580; x_wconf 89' lang='lat' dir='ltr'>Duridis</span> <span class='ocrx_word' id='word_1_239' title='bbox 1044 1560 1188 1590; x_wconf 85' lang='lat' dir='ltr'>regnum</span> <span class='ocrx_word' id='word_1_240' title='bbox 1220 1550 1339 1590; x_wconf 89' lang='lat' dir='ltr'>paucis</span> <span class='ocrx_word' id='word_1_241' title='bbox 1375 1550 1471 1580; x_wconf 90' lang='lat' dir='ltr'>annis</span> <span class='ocrx_word' id='word_1_242' title='bbox 1504 1555 1584 1589; x_wconf 88' lang='lat' dir='ltr'>post</span> <span class='ocrx_word' id='word_1_243' title='bbox 1607 1550 1779 1580; x_wconf 88' lang='lat' dir='ltr'>redditam</span> <span class='ocrx_word' id='word_1_244' title='bbox 1803 1560 1823 1579; x_wconf 93' lang='lat' dir='ltr'>a</span> <span class='ocrx_word' id='word_1_245' title='bbox 1848 1549 1952 1589; x_wconf 86' lang='lat' dir='ltr'>Poly-</span> 
     </span>
     <span class='ocr_line' id='line_1_23' title="bbox 170 1602 1946 1644; baseline -0.001 -10"><span class='ocrx_word' id='word_1_246' title='bbox 170 1605 378 1644; x_wconf 91' lang='lat' dir='ltr'>sperchonte</span> <span class='ocrx_word' id='word_1_247' title='bbox 400 1604 672 1634; x_wconf 87' lang='lat' dir='ltr'>Atheniensibus</span> <span class='ocrx_word' id='word_1_248' title='bbox 695 1603 844 1635; x_wconf 84' lang='lat' dir='ltr'>Samum.</span> <span class='ocrx_word' id='word_1_249' title='bbox 864 1604 883 1634; x_wconf 87' lang='lat' dir='ltr'>i.</span> <span class='ocrx_word' id='word_1_250' title='bbox 907 1615 934 1635; x_wconf 89' lang='lat' dir='ltr'>e.</span> <span class='ocrx_word' id='word_1_251' title='bbox 956 1610 1035 1644; x_wconf 84' lang='lat' dir='ltr'>post</span> <span class='ocrx_word' id='word_1_252' title='bbox 1057 1615 1085 1636; x_wconf 87' lang='lat' dir='ltr'>a.</span> <span class='ocrx_word' id='word_1_253' title='bbox 1106 1605 1166 1635; x_wconf 84' lang='lat'>319</span> <span class='ocrx_word' id='word_1_254' title='bbox 1195 1605 1389 1644; x_wconf 91' lang='lat' dir='ltr'>ponendam</span> <span class='ocrx_word' id='word_1_255' title='bbox 1413 1614 1499 1637; x_wconf 76' lang='lat' dir='ltr'>esse,</span> <span class='ocrx_word' id='word_1_256' title='bbox 1524 1605 1617 1643; x_wconf 88' lang='lat' dir='ltr'>quod</span> <span class='ocrx_word' id='word_1_257' title='bbox 1637 1613 1758 1643; x_wconf 85' lang='lat' dir='ltr'>parum</span> <span class='ocrx_word' id='word_1_258' title='bbox 1783 1602 1946 1633; x_wconf 88' lang='lat' dir='ltr'>credibile</span> 
     </span>
     <span class='ocr_line' id='line_1_24' title="bbox 172 1657 1947 1698; baseline -0.001 -10"><span class='ocrx_word' id='word_1_259' title='bbox 172 1664 233 1695; x_wconf 81' lang='lat' dir='ltr'>est,</span> <span class='ocrx_word' id='word_1_260' title='bbox 258 1658 337 1698; x_wconf 91' lang='lat' dir='ltr'>quia</span> <span class='ocrx_word' id='word_1_261' title='bbox 361 1668 402 1688; x_wconf 92' lang='lat' dir='ltr'>eo</span> <span class='ocrx_word' id='word_1_262' title='bbox 427 1664 583 1697; x_wconf 90' lang='lat' dir='ltr'>tempore</span> <span class='ocrx_word' id='word_1_263' title='bbox 609 1658 756 1688; x_wconf 83' lang='lat' dir='ltr'>Athenis</span> <span class='ocrx_word' id='word_1_264' title='bbox 789 1658 895 1688; x_wconf 86' lang='lat' dir='ltr'>Duris</span> <span class='ocrx_word' id='word_1_265' title='bbox 931 1660 1218 1697; x_wconf 82' lang='lat' dir='ltr'>commorabatur,</span> <span class='ocrx_word' id='word_1_266' title='bbox 1250 1665 1287 1689; x_wconf 90' lang='lat' dir='ltr'>ut</span> <span class='ocrx_word' id='word_1_267' title='bbox 1321 1659 1552 1698; x_wconf 84' lang='lat' dir='ltr'>Theophrasti</span> <span class='ocrx_word' id='word_1_268' title='bbox 1580 1657 1782 1688; x_wconf 85' lang='lat' dir='ltr'>institutioni</span> <span class='ocrx_word' id='word_1_269' title='bbox 1805 1667 1947 1696; x_wconf 86' lang='lat' dir='ltr'>operam</span> 
     </span>
     <span class='ocr_line' id='line_1_25' title="bbox 172 1711 1949 1752; baseline -0.001 -10"><span class='ocrx_word' id='word_1_270' title='bbox 172 1714 278 1750; x_wconf 86' lang='lat' dir='ltr'>daret,</span> <span class='ocrx_word' id='word_1_271' title='bbox 295 1712 421 1743; x_wconf 78' lang='lat' dir='ltr'>Athen.</span> <span class='ocrx_word' id='word_1_272' title='bbox 440 1713 498 1747; x_wconf 86' lang='lat' dir='ltr'>IV,</span> <span class='ocrx_word' id='word_1_273' title='bbox 523 1713 616 1743; x_wconf 75' lang='lat'><strong>128³:</strong></span> <span class='ocrx_word' id='word_1_274' title='bbox 640 1713 762 1749; x_wconf 76' lang='grc' dir='ltr'>Λυγκέα</span> <span class='ocrx_word' id='word_1_275' title='bbox 785 1714 835 1744; x_wconf 88' lang='grc' dir='ltr'>καὶ</span> <span class='ocrx_word' id='word_1_276' title='bbox 853 1714 975 1751; x_wconf 85' lang='grc' dir='ltr'>Δοῦριν</span> <span class='ocrx_word' id='word_1_277' title='bbox 998 1714 1075 1751; x_wconf 88' lang='grc' dir='ltr'>τοὺς</span> <span class='ocrx_word' id='word_1_278' title='bbox 1098 1714 1247 1751; x_wconf 83' lang='grc' dir='ltr'>Σαμίους,</span> <span class='ocrx_word' id='word_1_279' title='bbox 1271 1714 1485 1752; x_wconf 85' lang='grc' dir='ltr'>Θεοφράστου</span> <span class='ocrx_word' id='word_1_280' title='bbox 1502 1714 1536 1744; x_wconf 81' lang='grc' dir='ltr'>δὲ</span> <span class='ocrx_word' id='word_1_281' title='bbox 1558 1715 1614 1744; x_wconf 85' lang='grc' dir='ltr'>τοῦ</span> <span class='ocrx_word' id='word_1_282' title='bbox 1631 1712 1778 1750; x_wconf 81' lang='grc' dir='ltr'>Ἐρεσίου</span> <span class='ocrx_word' id='word_1_283' title='bbox 1796 1711 1949 1750; x_wconf 86' lang='grc' dir='ltr'>μαθητάς.</span> 
     </span>
     <span class='ocr_line' id='line_1_26' title="bbox 172 1766 1949 1807; baseline -0.001 -9"><span class='ocrx_word' id='word_1_284' title='bbox 172 1766 212 1798; x_wconf 83' lang='lat' dir='ltr'>cf.</span> <span class='ocrx_word' id='word_1_285' title='bbox 237 1767 477 1806; x_wconf 75' lang='lat' dir='ltr'>Droysenium.</span> <span class='ocrx_word' id='word_1_286' title='bbox 513 1767 615 1797; x_wconf 78' lang='lat' dir='ltr'>Diad.</span> <span class='ocrx_word' id='word_1_287' title='bbox 643 1767 687 1804; x_wconf 75' lang='lat'>12,</span> <span class='ocrx_word' id='word_1_288' title='bbox 712 1768 748 1797; x_wconf 72' lang='lat'>81</span> <span class='ocrx_word' id='word_1_289' title='bbox 774 1777 823 1806; x_wconf 87' lang='lat' dir='ltr'>sq.</span> <span class='ocrx_word' id='word_1_290' title='bbox 869 1767 952 1797; x_wconf 87' lang='lat' dir='ltr'>Cum</span> <span class='ocrx_word' id='word_1_291' title='bbox 990 1767 1094 1807; x_wconf 80' lang='lat' dir='ltr'>igitur</span> <span class='ocrx_word' id='word_1_292' title='bbox 1129 1774 1294 1806; x_wconf 81' lang='lat' dir='ltr'>tempore,</span> <span class='ocrx_word' id='word_1_293' title='bbox 1327 1777 1394 1806; x_wconf 87' lang='lat' dir='ltr'>quo</span> <span class='ocrx_word' id='word_1_294' title='bbox 1424 1767 1529 1798; x_wconf 85' lang='lat' dir='ltr'>Samii</span> <span class='ocrx_word' id='word_1_295' title='bbox 1552 1767 1584 1797; x_wconf 92' lang='lat' dir='ltr'>in</span> <span class='ocrx_word' id='word_1_296' title='bbox 1607 1766 1754 1806; x_wconf 89' lang='lat' dir='ltr'>patriam</span> <span class='ocrx_word' id='word_1_297' title='bbox 1778 1777 1821 1797; x_wconf 82' lang='lat' dir='ltr'>ex</span> <span class='ocrx_word' id='word_1_298' title='bbox 1845 1766 1949 1796; x_wconf 81' lang='lat' dir='ltr'>exilio</span> 
     </span>
     <span class='ocr_line' id='line_1_27' title="bbox 171 1821 1949 1861; baseline 0 -10"><span class='ocrx_word' id='word_1_299' title='bbox 171 1821 354 1861; x_wconf 80' lang='lat' dir='ltr'>redierunt,</span> <span class='ocrx_word' id='word_1_300' title='bbox 369 1822 466 1852; x_wconf 88' lang='lat' dir='ltr'>docili</span> <span class='ocrx_word' id='word_1_301' title='bbox 488 1827 522 1852; x_wconf 83' lang='lat' dir='ltr'>et</span> <span class='ocrx_word' id='word_1_302' title='bbox 540 1821 678 1852; x_wconf 85' lang='lat' dir='ltr'>iuvenili</span> <span class='ocrx_word' id='word_1_303' title='bbox 695 1822 879 1852; x_wconf 87' lang='lat' dir='ltr'>etiamtunc</span> <span class='ocrx_word' id='word_1_304' title='bbox 895 1828 1008 1853; x_wconf 89' lang='lat' dir='ltr'>aetate</span> <span class='ocrx_word' id='word_1_305' title='bbox 1024 1823 1192 1853; x_wconf 91' lang='lat' dir='ltr'>Duridem</span> <span class='ocrx_word' id='word_1_306' title='bbox 1208 1821 1322 1858; x_wconf 67' lang='lat' dir='ltr'>fuisse.</span> <span class='ocrx_word' id='word_1_307' title='bbox 1337 1821 1518 1861; x_wconf 86' lang='lat' dir='ltr'>probabile</span> <span class='ocrx_word' id='word_1_308' title='bbox 1531 1822 1584 1859; x_wconf 83' lang='lat' dir='ltr'>sit,</span> <span class='ocrx_word' id='word_1_309' title='bbox 1606 1821 1759 1860; x_wconf 78' lang='lat' dir='ltr'>tyrannis</span> <span class='ocrx_word' id='word_1_310' title='bbox 1772 1831 1855 1851; x_wconf 82' lang='lat' dir='ltr'>vero</span> <span class='ocrx_word' id='word_1_311' title='bbox 1871 1831 1949 1860; x_wconf 90' lang='lat' dir='ltr'>pro-</span> 
     </span>
     <span class='ocr_line' id='line_1_28' title="bbox 170 1875 1946 1915; baseline 0 -10"><span class='ocrx_word' id='word_1_312' title='bbox 170 1876 356 1905; x_wconf 86' lang='lat' dir='ltr'>vectiorem</span> <span class='ocrx_word' id='word_1_313' title='bbox 388 1875 454 1905; x_wconf 89' lang='lat' dir='ltr'>iam</span> <span class='ocrx_word' id='word_1_314' title='bbox 486 1875 631 1905; x_wconf 90' lang='lat' dir='ltr'>hominis</span> <span class='ocrx_word' id='word_1_315' title='bbox 665 1881 814 1905; x_wconf 86' lang='lat' dir='ltr'>aetatem</span> <span class='ocrx_word' id='word_1_316' title='bbox 848 1885 994 1915; x_wconf 87' lang='lat' dir='ltr'>poscere</span> <span class='ocrx_word' id='word_1_317' title='bbox 1028 1876 1195 1909; x_wconf 77' lang='lat' dir='ltr'>videatur,</span> <span class='ocrx_word' id='word_1_318' title='bbox 1234 1876 1380 1915; x_wconf 87' lang='lat' dir='ltr'>denique</span> <span class='ocrx_word' id='word_1_319' title='bbox 1411 1886 1485 1906; x_wconf 89' lang='lat' dir='ltr'>cum</span> <span class='ocrx_word' id='word_1_320' title='bbox 1508 1875 1666 1915; x_wconf 84' lang='lat' dir='ltr'>proximo</span> <span class='ocrx_word' id='word_1_321' title='bbox 1691 1882 1770 1906; x_wconf 90' lang='lat' dir='ltr'>ante</span> <span class='ocrx_word' id='word_1_322' title='bbox 1793 1885 1946 1915; x_wconf 83' lang='lat' dir='ltr'>pugnam</span> 
     </span>
     <span class='ocr_line' id='line_1_29' title="bbox 172 1929 1948 1969; baseline 0.001 -10"><span class='ocrx_word' id='word_1_323' title='bbox 172 1930 264 1969; x_wconf 86' lang='lat' dir='ltr'>apud</span> <span class='ocrx_word' id='word_1_324' title='bbox 285 1929 400 1968; x_wconf 86' lang='lat' dir='ltr'>Ipsum</span> <span class='ocrx_word' id='word_1_325' title='bbox 424 1929 464 1959; x_wconf 87' lang='lat' dir='ltr'>ol.</span> <span class='ocrx_word' id='word_1_326' title='bbox 491 1930 559 1965; x_wconf 84' lang='lat'>119,</span> <span class='ocrx_word' id='word_1_327' title='bbox 594 1930 613 1959; x_wconf 88' lang='lat'>4</span> <span class='ocrx_word' id='word_1_328' title='bbox 637 1931 689 1965; x_wconf 93' lang='lat'>(=</span> <span class='ocrx_word' id='word_1_329' title='bbox 712 1930 785 1967; x_wconf 85' lang='lat'>301)</span> <span class='ocrx_word' id='word_1_330' title='bbox 820 1929 986 1960; x_wconf 88' lang='lat' dir='ltr'>decennio</span> <span class='ocrx_word' id='word_1_331' title='bbox 1021 1931 1217 1969; x_wconf 84' lang='lat' dir='ltr'>respublica</span> <span class='ocrx_word' id='word_1_332' title='bbox 1244 1930 1439 1961; x_wconf 88' lang='lat' dir='ltr'>Samiorum</span> <span class='ocrx_word' id='word_1_333' title='bbox 1461 1930 1570 1960; x_wconf 90' lang='lat' dir='ltr'>libera</span> <span class='ocrx_word' id='word_1_334' title='bbox 1593 1930 1708 1960; x_wconf 87' lang='lat' dir='ltr'>fuerit:</span> <span class='ocrx_word' id='word_1_335' title='bbox 1733 1929 1846 1960; x_wconf 82' lang='lat' dir='ltr'>omnia</span> <span class='ocrx_word' id='word_1_336' title='bbox 1868 1940 1948 1969; x_wconf 90' lang='lat' dir='ltr'>pro-</span> 
     </span>
     <span class='ocr_line' id='line_1_30' title="bbox 170 1983 1948 2025; baseline 0 -11"><span class='ocrx_word' id='word_1_337' title='bbox 170 1983 262 2015; x_wconf 82' lang='lat' dir='ltr'>fecto</span> <span class='ocrx_word' id='word_1_338' title='bbox 287 1984 441 2019; x_wconf 76' lang='lat' dir='ltr'>suadent,</span> <span class='ocrx_word' id='word_1_339' title='bbox 465 1989 501 2014; x_wconf 86' lang='lat' dir='ltr'>ut</span> <span class='ocrx_word' id='word_1_340' title='bbox 525 1983 692 2014; x_wconf 91' lang='lat' dir='ltr'>Duridem</span> <span class='ocrx_word' id='word_1_341' title='bbox 715 1990 795 2023; x_wconf 86' lang='lat' dir='ltr'>post</span> <span class='ocrx_word' id='word_1_342' title='bbox 817 1994 969 2024; x_wconf 79' lang='lat' dir='ltr'>pugnam</span> <span class='ocrx_word' id='word_1_343' title='bbox 992 1986 1085 2024; x_wconf 89' lang='lat' dir='ltr'>apud</span> <span class='ocrx_word' id='word_1_344' title='bbox 1107 1984 1223 2024; x_wconf 87' lang='lat' dir='ltr'>Ipsum</span> <span class='ocrx_word' id='word_1_345' title='bbox 1249 1985 1430 2025; x_wconf 85' lang='lat' dir='ltr'>tyrannide</span> <span class='ocrx_word' id='word_1_346' title='bbox 1454 1984 1549 2015; x_wconf 89' lang='lat' dir='ltr'>Sami</span> <span class='ocrx_word' id='word_1_347' title='bbox 1565 1984 1695 2014; x_wconf 87' lang='lat' dir='ltr'>insulae</span> <span class='ocrx_word' id='word_1_348' title='bbox 1708 1984 1854 2023; x_wconf 89' lang='lat' dir='ltr'>potitum</span> <span class='ocrx_word' id='word_1_349' title='bbox 1871 1995 1948 2015; x_wconf 87' lang='lat' dir='ltr'>esse</span> 
     </span>
     <span class='ocr_line' id='line_1_31' title="bbox 171 2037 1949 2077; baseline 0.001 -9"><span class='ocrx_word' id='word_1_350' title='bbox 171 2044 369 2069; x_wconf 83' lang='lat' dir='ltr'>statuamus.</span> <span class='ocrx_word' id='word_1_351' title='bbox 426 2037 508 2069; x_wconf 92' lang='lat' dir='ltr'>Cum</span> <span class='ocrx_word' id='word_1_352' title='bbox 539 2039 604 2068; x_wconf 87' lang='lat' dir='ltr'>hac</span> <span class='ocrx_word' id='word_1_353' title='bbox 636 2038 802 2077; x_wconf 76' lang='lat' dir='ltr'>temporis</span> <span class='ocrx_word' id='word_1_354' title='bbox 827 2038 1025 2069; x_wconf 89' lang='lat' dir='ltr'>definitione</span> <span class='ocrx_word' id='word_1_355' title='bbox 1050 2039 1196 2069; x_wconf 86' lang='lat' dir='ltr'>concinit</span> <span class='ocrx_word' id='word_1_356' title='bbox 1229 2039 1331 2069; x_wconf 82' lang='lat' dir='ltr'>etiarn</span> <span class='ocrx_word' id='word_1_357' title='bbox 1355 2038 1547 2069; x_wconf 88' lang='lat' dir='ltr'>Godofredi</span> <span class='ocrx_word' id='word_1_358' title='bbox 1570 2038 1725 2074; x_wconf 70' lang='lat' dir='ltr'>Eckertz‚</span> <span class='ocrx_word' id='word_1_359' title='bbox 1750 2039 1792 2068; x_wconf 91' lang='lat' dir='ltr'>de</span> <span class='ocrx_word' id='word_1_360' title='bbox 1816 2039 1949 2070; x_wconf 91' lang='lat' dir='ltr'>Duride</span> 
     </span>
     <span class='ocr_line' id='line_1_32' title="bbox 171 2091 1947 2132; baseline -0.001 -9"><span class='ocrx_word' id='word_1_361' title='bbox 171 2092 298 2132; x_wconf 82' lang='lat' dir='ltr'>Samio,</span> <span class='ocrx_word' id='word_1_362' title='bbox 321 2103 353 2132; x_wconf 92' lang='lat' dir='ltr'>p.</span> <span class='ocrx_word' id='word_1_363' title='bbox 377 2093 415 2123; x_wconf 81' lang='lat'>31</span> <span class='ocrx_word' id='word_1_364' title='bbox 440 2098 473 2123; x_wconf 93' lang='lat' dir='ltr'>et</span> <span class='ocrx_word' id='word_1_365' title='bbox 496 2092 635 2122; x_wconf 87' lang='lat' dir='ltr'>Henrici</span> <span class='ocrx_word' id='word_1_366' title='bbox 658 2092 785 2127; x_wconf 88' lang='lat' dir='ltr'>Brunn,</span> <span class='ocrx_word' id='word_1_367' title='bbox 809 2091 934 2123; x_wconf 89' lang='lat' dir='ltr'>Gesch.</span> <span class='ocrx_word' id='word_1_368' title='bbox 961 2094 990 2124; x_wconf 92' lang='lat' dir='ltr'>d.</span> <span class='ocrx_word' id='word_1_369' title='bbox 1016 2093 1152 2123; x_wconf 85' lang='lat' dir='ltr'>Kiinstl.</span> <span class='ocrx_word' id='word_1_370' title='bbox 1176 2093 1201 2128; x_wconf 75' lang='lat' dir='ltr'>I,</span> <span class='ocrx_word' id='word_1_371' title='bbox 1225 2094 1285 2123; x_wconf 84' lang='grc'>424</span> <span class='ocrx_word' id='word_1_372' title='bbox 1310 2093 1572 2132; x_wconf 82' lang='lat' dir='ltr'>argumentatio.</span> <span class='ocrx_word' id='word_1_373' title='bbox 1616 2092 1830 2132; x_wconf 87' lang='lat' dir='ltr'>Droysenius</span> <span class='ocrx_word' id='word_1_374' title='bbox 1845 2093 1947 2123; x_wconf 91' lang='lat' dir='ltr'>Duri—</span> 
     </span>
     <span class='ocr_line' id='line_1_33' title="bbox 171 2146 1948 2187; baseline 0 -10"><span class='ocrx_word' id='word_1_375' title='bbox 171 2148 249 2177; x_wconf 89' lang='lat' dir='ltr'>dem</span> <span class='ocrx_word' id='word_1_376' title='bbox 272 2147 304 2177; x_wconf 91' lang='lat' dir='ltr'>in</span> <span class='ocrx_word' id='word_1_377' title='bbox 327 2147 439 2186; x_wconf 87' lang='lat' dir='ltr'>patria</span> <span class='ocrx_word' id='word_1_378' title='bbox 461 2147 642 2186; x_wconf 86' lang='lat' dir='ltr'>tyrannide</span> <span class='ocrx_word' id='word_1_379' title='bbox 665 2146 816 2177; x_wconf 89' lang='lat' dir='ltr'>functum</span> <span class='ocrx_word' id='word_1_380' title='bbox 840 2157 916 2177; x_wconf 91' lang='lat' dir='ltr'>esse</span> <span class='ocrx_word' id='word_1_381' title='bbox 943 2147 1078 2177; x_wconf 88' lang='lat' dir='ltr'>minime</span> <span class='ocrx_word' id='word_1_382' title='bbox 1102 2148 1238 2187; x_wconf 91' lang='lat' dir='ltr'>quidem</span> <span class='ocrx_word' id='word_1_383' title='bbox 1263 2146 1405 2185; x_wconf 86' lang='lat' dir='ltr'>dubitat,</span> <span class='ocrx_word' id='word_1_384' title='bbox 1423 2146 1463 2177; x_wconf 92' lang='lat' dir='ltr'>cf.</span> <span class='ocrx_word' id='word_1_385' title='bbox 1482 2146 1686 2176; x_wconf 86' lang='lat' dir='ltr'>Diadochen</span> <span class='ocrx_word' id='word_1_386' title='bbox 1707 2146 1752 2185; x_wconf 77' lang='lat'><strong>22,</strong></span> <span class='ocrx_word' id='word_1_387' title='bbox 1776 2147 1833 2177; x_wconf 82' lang='grc'>182</span> <span class='ocrx_word' id='word_1_388' title='bbox 1850 2147 1948 2182; x_wconf 64' lang='lat' dir='ltr'>med..</span> 
     </span>
     <span class='ocr_line' id='line_1_34' title="bbox 170 2200 1752 2241; baseline -0.001 -10"><span class='ocrx_word' id='word_1_389' title='bbox 170 2202 232 2232; x_wconf 85' lang='lat' dir='ltr'>sed</span> <span class='ocrx_word' id='word_1_390' title='bbox 255 2211 323 2241; x_wconf 92' lang='lat' dir='ltr'>quo</span> <span class='ocrx_word' id='word_1_391' title='bbox 347 2207 504 2241; x_wconf 86' lang='lat' dir='ltr'>tempore</span> <span class='ocrx_word' id='word_1_392' title='bbox 526 2201 560 2231; x_wconf 91' lang='lat' dir='ltr'>id</span> <span class='ocrx_word' id='word_1_393' title='bbox 583 2201 710 2232; x_wconf 77' lang='lat' dir='ltr'>factum</span> <span class='ocrx_word' id='word_1_394' title='bbox 734 2202 786 2240; x_wconf 84' lang='lat' dir='ltr'>sit⁷</span> <span class='ocrx_word' id='word_1_395' title='bbox 809 2202 911 2241; x_wconf 90' lang='lat' dir='ltr'>plane</span> <span class='ocrx_word' id='word_1_396' title='bbox 934 2202 967 2232; x_wconf 92' lang='lat' dir='ltr'>in</span> <span class='ocrx_word' id='word_1_397' title='bbox 990 2202 1120 2232; x_wconf 87' lang='lat' dir='ltr'>incerto</span> <span class='ocrx_word' id='word_1_398' title='bbox 1145 2201 1322 2241; x_wconf 83' lang='lat' dir='ltr'>relinquit;</span> <span class='ocrx_word' id='word_1_399' title='bbox 1347 2201 1550 2230; x_wconf 83' lang='lat' dir='ltr'>Diadochen</span> <span class='ocrx_word' id='word_1_400' title='bbox 1576 2200 1619 2239; x_wconf 75' lang='lat'>12⁷</span> <span class='ocrx_word' id='word_1_401' title='bbox 1642 2201 1678 2230; x_wconf 81' lang='lat' dir='ltr'>Sl</span> <span class='ocrx_word' id='word_1_402' title='bbox 1704 2210 1752 2239; x_wconf 86' lang='lat' dir='ltr'>sq.</span> 
     </span>
    </p>
   </div>
  </div>
 </body>
</html>
