2236 2979
1022 273 1164 303 XXVII

203 375 394 414 reportatis
427 374 617 404 Pausanias
651 375 817 413 temporis
851 373 1031 404 definiendi
1069 384 1191 403 caussa
1222 374 1427 413 olympiadis
1450 385 1626 405 numerum
1648 376 1839 416 adscripsit,
1862 387 1980 407 omnes

204 428 407 468 inspexerit,
433 428 463 458 ei
485 428 576 457 haud
599 429 702 458 dubie
725 428 906 462 constabit,
930 438 989 458 eos
1011 437 1169 458 numeros
1191 428 1398 458 Pausaniam
1426 439 1536 468 neque
1569 431 1701 460 auctori
1730 430 1786 465 illi,
1823 440 1924 470 quem
1947 431 1981 460 in

205 482 328 512 statuis
353 482 587 512 describendis
615 488 649 512 et
681 482 902 511 aestimandis
930 482 1091 520 sequitur,
1116 481 1294 512 Polemoni
1316 482 1441 522 Iliensi,
1465 484 1602 518 debere,
1627 494 1739 523 neque
1764 484 1812 514 eis
1836 471 1978 515 auctori-

202 538 275 570 bus,
301 545 319 565 e
344 536 467 575 quibus
491 536 650 566 historias
674 537 716 566 de
744 536 882 566 athletis
916 536 1138 575 deprompsit,
1173 536 1191 566 i.
1217 546 1245 566 e.
1276 536 1500 575 scriptoribus
1528 538 1600 575 περὶ
1625 538 1766 574 ἀγώνων.
1812 538 1886 568 Res
1906 539 1980 577 ipsa

201 590 360 630 loquitur.
405 591 511 621 Velut
548 591 684 620 disserit
718 591 909 620 Pausanias
945 591 987 620 de
1022 591 1155 620 duobus
1177 590 1293 629 pueris
1317 591 1473 630 pugilatu
1496 591 1690 627 victoribus,
1716 592 1773 631 qui
1795 594 1897 622 ambo
1920 592 1979 622 filii

202 645 384 675 Alcaeneti
407 645 598 684 Lepreatae
620 644 754 685 fuerint,
778 646 820 675 de
845 645 1023 675 Hellanico
1047 650 1080 674 et
1096 644 1262 674 Theanto.
1308 644 1418 683 Prior,
1442 644 1558 684 inquit,
1583 646 1624 676 ol.
1649 647 1687 676 89
1712 647 1763 684 (Ξ
1787 648 1869 685 424),
1894 648 1980 677 alter

203 699 245 729 ol.
269 699 308 729 90
332 702 383 737 (Ξ
407 700 482 737 420)
514 699 607 736 vicit3
640 699 741 729 Paus.
766 698 825 737 VI,
849 699 876 733 7,
900 699 934 729 8:
966 698 1152 729 Ἑλλανίκον
1179 700 1213 729 δὲ
1236 699 1292 730 τὸν
1322 693 1521 730 Ἀλκαινέτου
1556 700 1605 730 καὶ
1635 701 1779 731 Θέαντον
1803 701 1852 731 ἐπὶ
1875 704 1980 740 πυγμῇ

201 753 324 783 παίδων
348 752 600 790 ἀναγορευθῆναι
623 753 678 783 τὸν
703 754 759 790 μὲν
785 752 879 793 ἐνάτῃ
904 753 986 790 πρὸς
1009 755 1078 791 ταῖς
1101 753 1301 791 ὀγδοήκοντα
1324 753 1504 791 ὀλυμπιάδι,
1535 754 1591 784 τὸν
1614 755 1648 784 δὲ
1671 757 1707 793 τῇ
1740 755 1857 793 ἑφεξῆς
1882 755 1980 795 ταύτῃ

201 808 321 845 συνέβη
345 808 401 837 τὸν
424 807 575 837 Θέαντον.
619 806 656 836 In
679 807 731 836 his
756 806 838 836 nihil
862 806 958 845 inest,
983 807 1073 845 quod
1097 817 1237 846 operum
1253 807 1336 837 artis
1352 813 1584 837 enarratorem
1601 808 1768 839 redoleat:
1794 818 1834 838 ea
1850 818 1979 838 meram

206 864 240 889 et
262 868 463 898 germanam
497 860 732 898 anagrapham
768 858 1071 899 olympionicarum
1106 861 1251 900 sapiunt.
1300 861 1354 891 Ac
1377 860 1512 891 fuerunt
1534 860 1734 891 Aristotelis
1757 862 1977 901 potissumum

200 913 447 950 Ὀλυμπιονῖκαι,
477 913 601 952 quibus
633 913 824 943 Pausanias
857 923 939 943 usus
973 919 1034 944 est.
1087 915 1306 949 Aristoteles,
1344 916 1631 954 quemadmodum
1663 916 1909 946 demonstravit
1929 916 1980 946 vir

203 966 347 996 eximius
385 965 560 996 Gustavus
598 965 732 996 Gilbert
772 966 805 995 in
840 965 1096 1006 elegantissima
1133 968 1435 999 commentatione:
1473 969 1516 999 de
1552 968 1777 1008 Anagraphis
1812 969 1979 1009 Olympiis

202 1020 361 1060 (Gothaffi
388 1020 481 1058 1875)
504 1030 535 1059 p.
559 1020 586 1057 9,
611 1019 857 1060 olympionicas
880 1029 988 1059 usque
1012 1021 1056 1049 ad
1079 1020 1131 1050 Ol.
1154 1022 1212 1051 114
1237 1022 1288 1059 (=
1305 1022 1380 1060 324)
1404 1022 1556 1053 deduxit.
1602 1023 1720 1061 Atque
1739 1030 1815 1053 sunt
1831 1024 1978 1063 potissu—

202 1084 294 1104 mum
318 1074 483 1104 victoriae
499 1074 702 1114 Olympicae
724 1074 789 1104 hac
821 1074 1018 1114 olympiade
1050 1075 1284 1110 vestustiores,
1309 1075 1341 1104 in
1364 1075 1486 1114 quibus
1509 1076 1715 1106 Pausaniam
1751 1076 1979 1117 diligentissu—

202 1139 294 1158 mum
326 1128 360 1158 in
396 1129 630 1168 olympiadum
663 1128 815 1158 numeris
849 1128 1086 1158 adscribendis
1120 1129 1317 1160 invenimus.
1372 1128 1443 1160 Sed
1476 1129 1610 1169 singula
1637 1140 1795 1170 quaeque
1826 1132 1870 1161 ad
1892 1132 1980 1162 hane

201 1182 453 1222 gravissumam
475 1182 711 1221 quaestionem
735 1181 928 1221 spectantia
950 1182 1114 1221 peculiari
1137 1183 1416 1213 commentationi
1440 1185 1639 1223 seponenda
1658 1185 1826 1215 duximus.
