<?xml version="1.0" encoding="UTF-8"?>
<!DOCTYPE html PUBLIC "-//W3C//DTD XHTML 1.0 Transitional//EN"
    "http://www.w3.org/TR/xhtml1/DTD/xhtml1-transitional.dtd">
<html xmlns="http://www.w3.org/1999/xhtml" xml:lang="en" lang="en">
 <head>
  <title>
</title>
<meta http-equiv="Content-Type" content="text/html;charset=utf-8" />
  <meta name='ocr-system' content='tesseract 3.04.00' />
  <meta name='ocr-capabilities' content='ocr_page ocr_carea ocr_par ocr_line ocrx_word'/>
</head>
<body>
  <div class='ocr_page' id='page_1' title='image "./depindaripoetaee00luebuoft_0019.png"; bbox 0 0 2236 2979; ppageno 0'>
   <div class='ocr_carea' id='block_1_1' title="bbox 1043 285 1149 315">
    <p class='ocr_par' dir='ltr' id='par_1_1' title="bbox 1043 285 1149 315">
     <span class='ocr_line' id='line_1_1' title="bbox 1043 285 1149 315; baseline 0.009 -1"><span class='ocrx_word' id='word_1_1' title='bbox 1043 285 1149 315; x_wconf 79' lang='lat' dir='ltr'>XVII</span> 
     </span>
    </p>
   </div>
   <div class='ocr_carea' id='block_1_2' title="bbox 200 385 1987 1504">
    <p class='ocr_par' dir='ltr' id='par_1_2' title="bbox 200 385 1987 1504">
     <span class='ocr_line' id='line_1_2' title="bbox 204 385 1986 428; baseline 0.002 -13"><span class='ocrx_word' id='word_1_2' title='bbox 204 387 381 425; x_wconf 68' lang='lat' dir='ltr'>medicam,</span> <span class='ocrx_word' id='word_1_3' title='bbox 405 396 506 426; x_wconf 90' lang='lat' dir='ltr'>quam</span> <span class='ocrx_word' id='word_1_4' title='bbox 530 387 575 416; x_wconf 87' lang='lat' dir='ltr'>ad</span> <span class='ocrx_word' id='word_1_5' title='bbox 606 386 835 426; x_wconf 80' lang='lat' dir='ltr'>agonisticam</span> <span class='ocrx_word' id='word_1_6' title='bbox 861 392 1021 425; x_wconf 86' lang='lat' dir='ltr'>spectans</span> <span class='ocrx_word' id='word_1_7' title='bbox 1056 385 1199 415; x_wconf 88' lang='lat' dir='ltr'>alicuius</span> <span class='ocrx_word' id='word_1_8' title='bbox 1224 386 1340 416; x_wconf 87' lang='lat' dir='ltr'>hercle</span> <span class='ocrx_word' id='word_1_9' title='bbox 1362 386 1472 416; x_wconf 89' lang='lat' dir='ltr'>videri</span> <span class='ocrx_word' id='word_1_10' title='bbox 1502 386 1666 425; x_wconf 86' lang='lat' dir='ltr'>ponderis</span> <span class='ocrx_word' id='word_1_11' title='bbox 1699 387 1819 426; x_wconf 89' lang='lat' dir='ltr'>potuit.</span> <span class='ocrx_word' id='word_1_12' title='bbox 1863 387 1986 428; x_wconf 88' lang='lat' dir='ltr'>Itaque</span> 
     </span>
     <span class='ocr_line' id='line_1_3' title="bbox 204 437 1983 479; baseline 0.002 -9"><span class='ocrx_word' id='word_1_13' title='bbox 204 441 398 479; x_wconf 85' lang='lat' dir='ltr'>complures</span> <span class='ocrx_word' id='word_1_14' title='bbox 428 440 616 479; x_wconf 83' lang='lat' dir='ltr'>scriptores</span> <span class='ocrx_word' id='word_1_15' title='bbox 649 440 733 470; x_wconf 91' lang='lat' dir='ltr'>talia</span> <span class='ocrx_word' id='word_1_16' title='bbox 769 444 1048 470; x_wconf 88' lang='lat' dir='ltr'>commemorant.</span> <span class='ocrx_word' id='word_1_17' title='bbox 1094 437 1206 469; x_wconf 84' lang='lat' dir='ltr'>Schol.</span> <span class='ocrx_word' id='word_1_18' title='bbox 1229 440 1273 468; x_wconf 89' lang='lat' dir='ltr'>ad</span> <span class='ocrx_word' id='word_1_19' title='bbox 1296 439 1384 470; x_wconf 86' lang='lat' dir='ltr'>Plat.</span> <span class='ocrx_word' id='word_1_20' title='bbox 1406 440 1517 479; x_wconf 77' lang='lat' dir='ltr'>Legg.</span> <span class='ocrx_word' id='word_1_21' title='bbox 1531 439 1624 475; x_wconf 85' lang='lat' dir='ltr'>VIII,</span> <span class='ocrx_word' id='word_1_22' title='bbox 1649 441 1709 471; x_wconf 76' lang='lat'>260</span> <span class='ocrx_word' id='word_1_23' title='bbox 1743 440 1872 479; x_wconf 70' lang='lat' dir='ltr'>(Schol.</span> <span class='ocrx_word' id='word_1_24' title='bbox 1896 442 1983 474; x_wconf 91' lang='lat' dir='ltr'>Plat.</span> 
     </span>
     <span class='ocr_line' id='line_1_4' title="bbox 205 490 1985 534; baseline 0.002 -11"><span class='ocrx_word' id='word_1_25' title='bbox 205 495 256 524; x_wconf 88' lang='lat' dir='ltr'>ed.</span> <span class='ocrx_word' id='word_1_26' title='bbox 272 494 383 524; x_wconf 88' lang='lat' dir='ltr'>Turic.</span> <span class='ocrx_word' id='word_1_27' title='bbox 402 494 638 533; x_wconf 82' lang='lat' dir='ltr'>1841,p.154):</span> <span class='ocrx_word' id='word_1_28' title='bbox 663 494 893 532; x_wconf 82' lang='grc' dir='ltr'>σταδιοδρόμοι</span> <span class='ocrx_word' id='word_1_29' title='bbox 915 493 1025 530; x_wconf 88' lang='grc' dir='ltr'>γάμων</span> <span class='ocrx_word' id='word_1_30' title='bbox 1049 492 1199 523; x_wconf 86' lang='grc' dir='ltr'>ἁπάντων</span> <span class='ocrx_word' id='word_1_31' title='bbox 1222 492 1395 531; x_wconf 68' lang='grc' dir='ltr'>ἀπείρατον</span> <span class='ocrx_word' id='word_1_32' title='bbox 1419 490 1446 524; x_wconf 89' lang='grc' dir='ltr'>α’</span> <span class='ocrx_word' id='word_1_33' title='bbox 1467 493 1567 532; x_wconf 89' lang='grc' dir='ltr'>Ἴκκος</span> <span class='ocrx_word' id='word_1_34' title='bbox 1584 494 1787 532; x_wconf 73' lang='grc' dir='ltr'>Ταραντῖνος,</span> <span class='ocrx_word' id='word_1_35' title='bbox 1813 498 1837 533; x_wconf 88' lang='grc' dir='ltr'>β’</span> <span class='ocrx_word' id='word_1_36' title='bbox 1862 496 1985 534; x_wconf 84' lang='grc' dir='ltr'>Κρίσων</span> 
     </span>
     <span class='ocr_line' id='line_1_5' title="bbox 200 544 1985 588; baseline 0.002 -10"><span class='ocrx_word' id='word_1_37' title='bbox 200 547 365 587; x_wconf 80' lang='grc' dir='ltr'>Ἱμεραῖος,</span> <span class='ocrx_word' id='word_1_38' title='bbox 389 544 415 584; x_wconf 92' lang='grc' dir='ltr'>γ’</span> <span class='ocrx_word' id='word_1_39' title='bbox 440 547 594 586; x_wconf 87' lang='grc' dir='ltr'>Ἀστύλος</span> <span class='ocrx_word' id='word_1_40' title='bbox 615 548 847 586; x_wconf 84' lang='grc' dir='ltr'>Κροτωνιάτης,</span> <span class='ocrx_word' id='word_1_41' title='bbox 866 544 890 579; x_wconf 78' lang='grc' dir='ltr'>δ’</span> <span class='ocrx_word' id='word_1_42' title='bbox 915 547 1108 585; x_wconf 88' lang='grc' dir='ltr'>Διόπομπος</span> <span class='ocrx_word' id='word_1_43' title='bbox 1132 547 1312 584; x_wconf 88' lang='grc' dir='ltr'>Θεσσαλός.</span> <span class='ocrx_word' id='word_1_44' title='bbox 1359 546 1462 577; x_wconf 91' lang='lat' dir='ltr'>Clem.</span> <span class='ocrx_word' id='word_1_45' title='bbox 1484 547 1588 577; x_wconf 81' lang='lat' dir='ltr'>Alex.</span> <span class='ocrx_word' id='word_1_46' title='bbox 1612 549 1738 579; x_wconf 55' lang='lat' dir='ltr'>strom.</span> <span class='ocrx_word' id='word_1_47' title='bbox 1761 548 1819 583; x_wconf 82' lang='grc' dir='ltr'>ΙΙΙ,</span> <span class='ocrx_word' id='word_1_48' title='bbox 1845 550 1873 583; x_wconf 79' lang='grc'>6,</span> <span class='ocrx_word' id='word_1_49' title='bbox 1898 550 1921 588; x_wconf 67' lang='grc' dir='ltr'>ξ.</span> <span class='ocrx_word' id='word_1_50' title='bbox 1945 551 1985 581; x_wconf 82' lang='grc'>50</span> 
     </span>
     <span class='ocr_line' id='line_1_6' title="bbox 205 600 1985 641; baseline 0.002 -11"><span class='ocrx_word' id='word_1_51' title='bbox 205 602 282 639; x_wconf 75' lang='lat' dir='ltr'>(vol.</span> <span class='ocrx_word' id='word_1_52' title='bbox 305 601 346 632; x_wconf 89' lang='lat' dir='ltr'>H.</span> <span class='ocrx_word' id='word_1_53' title='bbox 368 611 401 641; x_wconf 88' lang='lat' dir='ltr'>p.</span> <span class='ocrx_word' id='word_1_54' title='bbox 425 602 485 632; x_wconf 80' lang='lat'>240</span> <span class='ocrx_word' id='word_1_55' title='bbox 509 603 561 633; x_wconf 87' lang='lat' dir='ltr'>ed.</span> <span class='ocrx_word' id='word_1_56' title='bbox 586 602 720 640; x_wconf 85' lang='lat' dir='ltr'>Klotz):</span> <span class='ocrx_word' id='word_1_57' title='bbox 754 602 894 639; x_wconf 85' lang='grc' dir='ltr'>ἀθλητὰς</span> <span class='ocrx_word' id='word_1_58' title='bbox 926 601 984 632; x_wconf 83' lang='grc' dir='ltr'>οὐκ</span> <span class='ocrx_word' id='word_1_59' title='bbox 1006 601 1136 638; x_wconf 82' lang='grc' dir='ltr'>ὀλίγους</span> <span class='ocrx_word' id='word_1_60' title='bbox 1161 601 1360 639; x_wconf 80' lang='grc' dir='ltr'>ἀφροδισίων</span> <span class='ocrx_word' id='word_1_61' title='bbox 1384 600 1558 638; x_wconf 86' lang='grc' dir='ltr'>ἀπέχεσθαι</span> <span class='ocrx_word' id='word_1_62' title='bbox 1579 601 1616 631; x_wconf 77' lang='grc' dir='ltr'>δι’</span> <span class='ocrx_word' id='word_1_63' title='bbox 1641 601 1778 639; x_wconf 85' lang='grc' dir='ltr'>ἄσκησιν</span> <span class='ocrx_word' id='word_1_64' title='bbox 1800 604 1985 641; x_wconf 86' lang='grc' dir='ltr'>σωματικὴν</span> 
     </span>
     <span class='ocr_line' id='line_1_7' title="bbox 204 649 1983 695; baseline 0.001 -9"><span class='ocrx_word' id='word_1_65' title='bbox 204 655 504 693; x_wconf 67' lang='grc' dir='ltr'>ἐγκρατευομένους,</span> <span class='ocrx_word' id='word_1_66' title='bbox 527 656 669 694; x_wconf 86' lang='grc' dir='ltr'>καθάπερ</span> <span class='ocrx_word' id='word_1_67' title='bbox 693 657 749 686; x_wconf 90' lang='grc' dir='ltr'>τὸν</span> <span class='ocrx_word' id='word_1_68' title='bbox 774 655 993 693; x_wconf 87' lang='grc' dir='ltr'>Κροτωνιάτην</span> <span class='ocrx_word' id='word_1_69' title='bbox 1013 649 1170 686; x_wconf 83' lang='grc' dir='ltr'>Ἀστύλον</span> <span class='ocrx_word' id='word_1_70' title='bbox 1193 655 1243 685; x_wconf 82' lang='grc' dir='ltr'>καὶ</span> <span class='ocrx_word' id='word_1_71' title='bbox 1267 654 1414 692; x_wconf 81' lang='grc' dir='ltr'>Κρίσωνα</span> <span class='ocrx_word' id='word_1_72' title='bbox 1436 655 1493 685; x_wconf 84' lang='grc' dir='ltr'>τὸν</span> <span class='ocrx_word' id='word_1_73' title='bbox 1514 654 1677 692; x_wconf 84' lang='grc' dir='ltr'>Ἱμεραῖον.</span> <span class='ocrx_word' id='word_1_74' title='bbox 1712 656 1883 695; x_wconf 84' lang='grc' dir='ltr'>Ἀμοιβεὺς</span> <span class='ocrx_word' id='word_1_75' title='bbox 1907 658 1941 688; x_wconf 78' lang='grc' dir='ltr'>δὲ</span> <span class='ocrx_word' id='word_1_76' title='bbox 1965 658 1983 688; x_wconf 88' lang='grc' dir='ltr'>ὁ</span> 
     </span>
     <span class='ocr_line' id='line_1_8' title="bbox 203 708 1986 750; baseline 0.001 -10"><span class='ocrx_word' id='word_1_77' title='bbox 203 710 382 750; x_wconf 81' lang='grc' dir='ltr'>κιθαρῳδὸς</span> <span class='ocrx_word' id='word_1_78' title='bbox 400 710 562 748; x_wconf 88' lang='grc' dir='ltr'>νεόγαμος</span> <span class='ocrx_word' id='word_1_79' title='bbox 585 710 630 740; x_wconf 86' lang='grc' dir='ltr'>ὢν</span> <span class='ocrx_word' id='word_1_80' title='bbox 653 709 814 747; x_wconf 83' lang='grc' dir='ltr'>ἀπέσχετο</span> <span class='ocrx_word' id='word_1_81' title='bbox 837 712 895 747; x_wconf 85' lang='grc' dir='ltr'>τῆς</span> <span class='ocrx_word' id='word_1_82' title='bbox 917 709 1052 747; x_wconf 77' lang='grc' dir='ltr'>νύμφης,Ι</span> <span class='ocrx_word' id='word_1_83' title='bbox 1077 708 1094 739; x_wconf 92' lang='grc' dir='ltr'>ὅ</span> <span class='ocrx_word' id='word_1_84' title='bbox 1117 719 1150 739; x_wconf 89' lang='grc' dir='ltr'>τε</span> <span class='ocrx_word' id='word_1_85' title='bbox 1176 709 1350 746; x_wconf 87' lang='grc' dir='ltr'>Κυρηναῖος</span> <span class='ocrx_word' id='word_1_86' title='bbox 1370 708 1595 746; x_wconf 83' lang='grc' dir='ltr'>Ἀριστοτέλης</span> <span class='ocrx_word' id='word_1_87' title='bbox 1620 709 1719 740; x_wconf 74' lang='grc' dir='ltr'>Λαΐδα</span> <span class='ocrx_word' id='word_1_88' title='bbox 1743 710 1870 748; x_wconf 83' lang='grc' dir='ltr'>ἐρῶσαν</span> <span class='ocrx_word' id='word_1_89' title='bbox 1893 711 1986 749; x_wconf 86' lang='grc' dir='ltr'>ὑπερ-</span> 
     </span>
     <span class='ocr_line' id='line_1_9' title="bbox 204 762 1984 802; baseline 0.001 -7"><span class='ocrx_word' id='word_1_90' title='bbox 204 764 289 801; x_wconf 83' lang='grc' dir='ltr'>εώρα</span> <span class='ocrx_word' id='word_1_91' title='bbox 324 764 430 801; x_wconf 91' lang='grc' dir='ltr'>μόνος.</span> <span class='ocrx_word' id='word_1_92' title='bbox 485 763 606 802; x_wconf 83' lang='lat' dir='ltr'>Pergit</span> <span class='ocrx_word' id='word_1_93' title='bbox 641 762 802 793; x_wconf 83' lang='lat' dir='ltr'>Clemens</span> <span class='ocrx_word' id='word_1_94' title='bbox 835 772 990 797; x_wconf 83' lang='lat' dir='ltr'>narrare‚</span> <span class='ocrx_word' id='word_1_95' title='bbox 1024 763 1200 801; x_wconf 88' lang='lat' dir='ltr'>quomodo</span> <span class='ocrx_word' id='word_1_96' title='bbox 1235 763 1445 792; x_wconf 83' lang='lat' dir='ltr'>Aristoteles</span> <span class='ocrx_word' id='word_1_97' title='bbox 1475 762 1674 802; x_wconf 87' lang='lat' dir='ltr'>Cyrenaeus</span> <span class='ocrx_word' id='word_1_98' title='bbox 1709 764 1876 801; x_wconf 75' lang='lat' dir='ltr'>(Aeliano,</span> <span class='ocrx_word' id='word_1_99' title='bbox 1902 765 1984 796; x_wconf 87' lang='lat' dir='ltr'>Var.</span> 
     </span>
     <span class='ocr_line' id='line_1_10' title="bbox 202 815 1985 854; baseline 0.001 -8"><span class='ocrx_word' id='word_1_100' title='bbox 202 817 280 848; x_wconf 89' lang='lat' dir='ltr'>hist.</span> <span class='ocrx_word' id='word_1_101' title='bbox 304 817 350 852; x_wconf 79' lang='lat' dir='ltr'>X,</span> <span class='ocrx_word' id='word_1_102' title='bbox 373 818 401 852; x_wconf 81' lang='lat'>2,</span> <span class='ocrx_word' id='word_1_103' title='bbox 436 817 593 847; x_wconf 85' lang='lat' dir='ltr'>Eubotas</span> <span class='ocrx_word' id='word_1_104' title='bbox 629 815 737 854; x_wconf 66' lang='lat' dir='ltr'>audit)</span> <span class='ocrx_word' id='word_1_105' title='bbox 771 815 980 846; x_wconf 80' lang='lat' dir='ltr'>facetissime</span> <span class='ocrx_word' id='word_1_106' title='bbox 1014 816 1158 845; x_wconf 75' lang='lat' dir='ltr'>Laidem</span> <span class='ocrx_word' id='word_1_107' title='bbox 1195 816 1343 846; x_wconf 89' lang='lat' dir='ltr'>eluserit.</span> <span class='ocrx_word' id='word_1_108' title='bbox 1398 815 1587 849; x_wconf 75' lang='lat' dir='ltr'>Iuraverat,</span> <span class='ocrx_word' id='word_1_109' title='bbox 1621 826 1658 846; x_wconf 92' lang='lat' dir='ltr'>se</span> <span class='ocrx_word' id='word_1_110' title='bbox 1692 817 1836 847; x_wconf 84' lang='lat' dir='ltr'>Lai&#39;dem</span> <span class='ocrx_word' id='word_1_111' title='bbox 1867 828 1985 848; x_wconf 85' lang='lat' dir='ltr'>secum</span> 
     </span>
     <span class='ocr_line' id='line_1_11' title="bbox 206 869 1985 910; baseline 0.001 -10"><span class='ocrx_word' id='word_1_112' title='bbox 206 869 358 910; x_wconf 85' lang='lat' dir='ltr'>Cyrenas</span> <span class='ocrx_word' id='word_1_113' title='bbox 382 870 616 900; x_wconf 88' lang='lat' dir='ltr'>abducturum.</span> <span class='ocrx_word' id='word_1_114' title='bbox 663 869 748 900; x_wconf 82' lang='lat' dir='ltr'>Cum</span> <span class='ocrx_word' id='word_1_115' title='bbox 772 870 891 900; x_wconf 75' lang='lat' dir='ltr'>Laidis</span> <span class='ocrx_word' id='word_1_116' title='bbox 913 880 979 909; x_wconf 90' lang='lat' dir='ltr'>ope</span> <span class='ocrx_word' id='word_1_117' title='bbox 1002 870 1034 899; x_wconf 93' lang='lat' dir='ltr'>in</span> <span class='ocrx_word' id='word_1_118' title='bbox 1059 870 1244 900; x_wconf 81' lang='lat' dir='ltr'>certamine</span> <span class='ocrx_word' id='word_1_119' title='bbox 1268 870 1416 905; x_wconf 83' lang='lat' dir='ltr'>vicisset,</span> <span class='ocrx_word' id='word_1_120' title='bbox 1442 870 1614 909; x_wconf 89' lang='lat' dir='ltr'>promisso</span> <span class='ocrx_word' id='word_1_121' title='bbox 1638 870 1686 900; x_wconf 92' lang='lat' dir='ltr'>ita</span> <span class='ocrx_word' id='word_1_122' title='bbox 1709 871 1813 910; x_wconf 85' lang='lat' dir='ltr'>stetit,</span> <span class='ocrx_word' id='word_1_123' title='bbox 1848 877 1884 901; x_wconf 90' lang='lat' dir='ltr'>ut</span> <span class='ocrx_word' id='word_1_124' title='bbox 1906 872 1985 902; x_wconf 83' lang='lat' dir='ltr'>Lai&#39;-</span> 
     </span>
     <span class='ocr_line' id='line_1_12' title="bbox 204 923 1984 964; baseline 0.002 -12"><span class='ocrx_word' id='word_1_125' title='bbox 204 924 283 953; x_wconf 90' lang='lat' dir='ltr'>dem</span> <span class='ocrx_word' id='word_1_126' title='bbox 306 933 388 953; x_wconf 87' lang='lat' dir='ltr'>sane</span> <span class='ocrx_word' id='word_1_127' title='bbox 412 933 527 953; x_wconf 89' lang='lat' dir='ltr'>secum</span> <span class='ocrx_word' id='word_1_128' title='bbox 551 923 690 953; x_wconf 91' lang='lat' dir='ltr'>domum</span> <span class='ocrx_word' id='word_1_129' title='bbox 724 923 757 953; x_wconf 95' lang='lat' dir='ltr'>in</span> <span class='ocrx_word' id='word_1_130' title='bbox 790 923 871 953; x_wconf 88' lang='lat' dir='ltr'>navi</span> <span class='ocrx_word' id='word_1_131' title='bbox 892 924 1090 958; x_wconf 86' lang='lat' dir='ltr'>abduceret,</span> <span class='ocrx_word' id='word_1_132' title='bbox 1124 925 1185 953; x_wconf 76' lang='lat' dir='ltr'>sed</span> <span class='ocrx_word' id='word_1_133' title='bbox 1210 924 1354 954; x_wconf 76' lang='lat' dir='ltr'>Laidem</span> <span class='ocrx_word' id='word_1_134' title='bbox 1381 934 1401 953; x_wconf 93' lang='lat' dir='ltr'>a</span> <span class='ocrx_word' id='word_1_135' title='bbox 1423 924 1556 963; x_wconf 89' lang='lat' dir='ltr'>pictore</span> <span class='ocrx_word' id='word_1_136' title='bbox 1591 934 1722 954; x_wconf 86' lang='lat' dir='ltr'>summa</span> <span class='ocrx_word' id='word_1_137' title='bbox 1755 924 1823 955; x_wconf 85' lang='lat' dir='ltr'>fide</span> <span class='ocrx_word' id='word_1_138' title='bbox 1846 926 1984 964; x_wconf 85' lang='lat' dir='ltr'>pictam,</span> 
     </span>
     <span class='ocr_line' id='line_1_13' title="bbox 202 976 1985 1017; baseline 0.002 -11"><span class='ocrx_word' id='word_1_139' title='bbox 202 987 272 1006; x_wconf 91' lang='lat' dir='ltr'>non</span> <span class='ocrx_word' id='word_1_140' title='bbox 294 986 412 1007; x_wconf 79' lang='lat' dir='ltr'>veram</span> <span class='ocrx_word' id='word_1_141' title='bbox 431 976 585 1007; x_wconf 73' lang='lat' dir='ltr'>Laidem.</span> <span class='ocrx_word' id='word_1_142' title='bbox 630 976 717 1006; x_wconf 84' lang='lat' dir='ltr'>Eam</span> <span class='ocrx_word' id='word_1_143' title='bbox 739 976 916 1007; x_wconf 85' lang='lat' dir='ltr'>historiam</span> <span class='ocrx_word' id='word_1_144' title='bbox 938 976 1027 1006; x_wconf 84' lang='lat' dir='ltr'>Ister</span> <span class='ocrx_word' id='word_1_145' title='bbox 1051 976 1250 1016; x_wconf 80' lang='lat' dir='ltr'>Cyrenaeus</span> <span class='ocrx_word' id='word_1_146' title='bbox 1273 983 1484 1011; x_wconf 82' lang='lat' dir='ltr'>narraverat,</span> <span class='ocrx_word' id='word_1_147' title='bbox 1515 977 1572 1016; x_wconf 90' lang='lat' dir='ltr'>qui</span> <span class='ocrx_word' id='word_1_148' title='bbox 1595 987 1682 1006; x_wconf 89' lang='lat' dir='ltr'>unus</span> <span class='ocrx_word' id='word_1_149' title='bbox 1705 984 1756 1007; x_wconf 88' lang='lat' dir='ltr'>est</span> <span class='ocrx_word' id='word_1_150' title='bbox 1780 978 1985 1017; x_wconf 83' lang='lat' dir='ltr'>scriptorum</span> 
     </span>
     <span class='ocr_line' id='line_1_14' title="bbox 203 1030 1986 1071; baseline 0.001 -9"><span class='ocrx_word' id='word_1_151' title='bbox 203 1032 274 1069; x_wconf 86' lang='grc' dir='ltr'>περὶ</span> <span class='ocrx_word' id='word_1_152' title='bbox 297 1030 440 1068; x_wconf 85' lang='grc' dir='ltr'>ἀγώνων.</span> <span class='ocrx_word' id='word_1_153' title='bbox 465 1031 759 1069; x_wconf 86' lang='lat' dir='ltr'>quemadmodum</span> <span class='ocrx_word' id='word_1_154' title='bbox 790 1036 938 1060; x_wconf 90' lang='lat' dir='ltr'>testatur</span> <span class='ocrx_word' id='word_1_155' title='bbox 963 1030 1067 1061; x_wconf 89' lang='lat' dir='ltr'>Clem.</span> <span class='ocrx_word' id='word_1_156' title='bbox 1092 1031 1196 1060; x_wconf 74' lang='lat' dir='ltr'>Alex.</span> <span class='ocrx_word' id='word_1_157' title='bbox 1220 1030 1346 1061; x_wconf 87' lang='lat' dir='ltr'>Strom.</span> <span class='ocrx_word' id='word_1_158' title='bbox 1371 1030 1430 1065; x_wconf 82' lang='grc' dir='ltr'><strong>ΙΙΙ,</strong></span> <span class='ocrx_word' id='word_1_159' title='bbox 1454 1032 1482 1065; x_wconf 83' lang='grc'>6,</span> <span class='ocrx_word' id='word_1_160' title='bbox 1507 1031 1534 1069; x_wconf 60' lang='grc' dir='ltr'>ς’.</span> <span class='ocrx_word' id='word_1_161' title='bbox 1558 1032 1612 1061; x_wconf 82' lang='grc'>51;</span> <span class='ocrx_word' id='word_1_162' title='bbox 1650 1031 1695 1069; x_wconf 83' lang='grc' dir='ltr'>ὡς</span> <span class='ocrx_word' id='word_1_163' title='bbox 1716 1031 1839 1070; x_wconf 83' lang='grc' dir='ltr'>ἱστορεῖ</span> <span class='ocrx_word' id='word_1_164' title='bbox 1861 1032 1986 1071; x_wconf 88' lang='grc' dir='ltr'>Ἴστρος</span> 
     </span>
     <span class='ocr_line' id='line_1_15' title="bbox 204 1083 1986 1125; baseline 0.001 -10"><span class='ocrx_word' id='word_1_165' title='bbox 204 1086 239 1116; x_wconf 82' lang='grc' dir='ltr'>ἐν</span> <span class='ocrx_word' id='word_1_166' title='bbox 261 1088 306 1125; x_wconf 83' lang='grc' dir='ltr'>τῷ</span> <span class='ocrx_word' id='word_1_167' title='bbox 328 1085 399 1122; x_wconf 87' lang='grc' dir='ltr'>περὶ</span> <span class='ocrx_word' id='word_1_168' title='bbox 422 1084 581 1122; x_wconf 80' lang='grc' dir='ltr'>ἰδιότητος</span> <span class='ocrx_word' id='word_1_169' title='bbox 605 1084 727 1115; x_wconf 84' lang='grc' dir='ltr'>ἄθλων’</span> <span class='ocrx_word' id='word_1_170' title='bbox 751 1083 840 1114; x_wconf 88' lang='lat' dir='ltr'>conf.</span> <span class='ocrx_word' id='word_1_171' title='bbox 863 1084 1002 1124; x_wconf 85' lang='lat' dir='ltr'>Fragm.</span> <span class='ocrx_word' id='word_1_172' title='bbox 1026 1084 1103 1114; x_wconf 85' lang='lat' dir='ltr'>hist.</span> <span class='ocrx_word' id='word_1_173' title='bbox 1127 1083 1184 1115; x_wconf 87' lang='lat' dir='ltr'>Gr.</span> <span class='ocrx_word' id='word_1_174' title='bbox 1197 1084 1221 1123; x_wconf 83' lang='grc' dir='ltr'>Ι,</span> <span class='ocrx_word' id='word_1_175' title='bbox 1245 1085 1315 1114; x_wconf 79' lang='lat'>424.</span> <span class='ocrx_word' id='word_1_176' title='bbox 1360 1085 1419 1113; x_wconf 77' lang='lat' dir='ltr'>Ad</span> <span class='ocrx_word' id='word_1_177' title='bbox 1446 1085 1588 1114; x_wconf 87' lang='lat' dir='ltr'>eosdem</span> <span class='ocrx_word' id='word_1_178' title='bbox 1612 1084 1799 1124; x_wconf 83' lang='lat' dir='ltr'>scriptores</span> <span class='ocrx_word' id='word_1_179' title='bbox 1822 1096 1986 1116; x_wconf 79' lang='lat' dir='ltr'>revocan-</span> 
     </span>
     <span class='ocr_line' id='line_1_16' title="bbox 205 1138 1987 1178; baseline 0.001 -10"><span class='ocrx_word' id='word_1_180' title='bbox 205 1140 283 1168; x_wconf 88' lang='lat' dir='ltr'>dum</span> <span class='ocrx_word' id='word_1_181' title='bbox 309 1146 369 1174; x_wconf 87' lang='lat' dir='ltr'>est,</span> <span class='ocrx_word' id='word_1_182' title='bbox 395 1140 487 1178; x_wconf 91' lang='lat' dir='ltr'>quod</span> <span class='ocrx_word' id='word_1_183' title='bbox 510 1139 552 1169; x_wconf 90' lang='lat' dir='ltr'>de</span> <span class='ocrx_word' id='word_1_184' title='bbox 575 1138 714 1169; x_wconf 85' lang='lat' dir='ltr'>Milonis</span> <span class='ocrx_word' id='word_1_185' title='bbox 738 1138 962 1169; x_wconf 86' lang='lat' dir='ltr'>Crotoniatae</span> <span class='ocrx_word' id='word_1_186' title='bbox 987 1140 1020 1168; x_wconf 93' lang='lat' dir='ltr'>in</span> <span class='ocrx_word' id='word_1_187' title='bbox 1047 1139 1114 1168; x_wconf 92' lang='lat' dir='ltr'>hoc</span> <span class='ocrx_word' id='word_1_188' title='bbox 1143 1148 1273 1178; x_wconf 82' lang='lat' dir='ltr'>genere</span> <span class='ocrx_word' id='word_1_189' title='bbox 1296 1138 1540 1168; x_wconf 84' lang='lat' dir='ltr'>incontinentia</span> <span class='ocrx_word' id='word_1_190' title='bbox 1563 1145 1730 1170; x_wconf 85' lang='lat' dir='ltr'>narratur.</span> <span class='ocrx_word' id='word_1_191' title='bbox 1774 1139 1904 1175; x_wconf 82' lang='lat' dir='ltr'>Miloni,</span> <span class='ocrx_word' id='word_1_192' title='bbox 1939 1141 1987 1171; x_wconf 92' lang='lat' dir='ltr'>ita</span> 
     </span>
     <span class='ocr_line' id='line_1_17' title="bbox 203 1192 1986 1235; baseline 0.001 -13"><span class='ocrx_word' id='word_1_193' title='bbox 203 1192 275 1223; x_wconf 87' lang='lat' dir='ltr'>fere</span> <span class='ocrx_word' id='word_1_194' title='bbox 310 1193 414 1223; x_wconf 86' lang='lat' dir='ltr'>tradit</span> <span class='ocrx_word' id='word_1_195' title='bbox 437 1193 604 1223; x_wconf 85' lang='lat' dir='ltr'>Aelianus</span> <span class='ocrx_word' id='word_1_196' title='bbox 638 1193 709 1232; x_wconf 51' lang='lat' dir='ltr'>tqui</span> <span class='ocrx_word' id='word_1_197' title='bbox 743 1193 880 1223; x_wconf 91' lang='lat' dir='ltr'>omnino</span> <span class='ocrx_word' id='word_1_198' title='bbox 904 1194 1029 1223; x_wconf 85' lang='lat' dir='ltr'>multus</span> <span class='ocrx_word' id='word_1_199' title='bbox 1062 1192 1124 1222; x_wconf 86' lang='lat' dir='ltr'>fuit</span> <span class='ocrx_word' id='word_1_200' title='bbox 1155 1193 1187 1222; x_wconf 87' lang='lat' dir='ltr'>in</span> <span class='ocrx_word' id='word_1_201' title='bbox 1223 1192 1446 1231; x_wconf 68' lang='lat' dir='ltr'>scriptoribus</span> <span class='ocrx_word' id='word_1_202' title='bbox 1479 1194 1550 1230; x_wconf 84' lang='grc' dir='ltr'>περὶ</span> <span class='ocrx_word' id='word_1_203' title='bbox 1577 1193 1713 1229; x_wconf 83' lang='grc' dir='ltr'>ἀγώνων</span> <span class='ocrx_word' id='word_1_204' title='bbox 1750 1194 1986 1235; x_wconf 75' lang='lat' dir='ltr'>compilandis,</span> 
     </span>
     <span class='ocr_line' id='line_1_18' title="bbox 203 1246 1984 1286; baseline 0 -8"><span class='ocrx_word' id='word_1_205' title='bbox 203 1247 290 1278; x_wconf 89' lang='lat' dir='ltr'>conf.</span> <span class='ocrx_word' id='word_1_206' title='bbox 324 1247 469 1277; x_wconf 89' lang='lat' dir='ltr'>Paulum</span> <span class='ocrx_word' id='word_1_207' title='bbox 492 1247 581 1281; x_wconf 86' lang='lat' dir='ltr'>Hirt,</span> <span class='ocrx_word' id='word_1_208' title='bbox 613 1248 655 1278; x_wconf 89' lang='lat' dir='ltr'>de</span> <span class='ocrx_word' id='word_1_209' title='bbox 679 1246 761 1279; x_wconf 87' lang='lat' dir='ltr'>font.</span> <span class='ocrx_word' id='word_1_210' title='bbox 792 1247 894 1278; x_wconf 88' lang='lat' dir='ltr'>Paus.</span> <span class='ocrx_word' id='word_1_211' title='bbox 925 1258 958 1286; x_wconf 92' lang='lat' dir='ltr'>p.</span> <span class='ocrx_word' id='word_1_212' title='bbox 980 1249 1019 1278; x_wconf 81' lang='lat'>25</span> <span class='ocrx_word' id='word_1_213' title='bbox 1042 1248 1117 1286; x_wconf 73' lang='lat' dir='ltr'>sq),</span> <span class='ocrx_word' id='word_1_214' title='bbox 1153 1246 1232 1276; x_wconf 77' lang='lat' dir='ltr'>var.</span> <span class='ocrx_word' id='word_1_215' title='bbox 1256 1246 1332 1275; x_wconf 86' lang='lat' dir='ltr'>hist.</span> <span class='ocrx_word' id='word_1_216' title='bbox 1357 1246 1399 1284; x_wconf 79' lang='grc' dir='ltr'>Π,</span> <span class='ocrx_word' id='word_1_217' title='bbox 1423 1248 1471 1283; x_wconf 74' lang='lat'>24,</span> <span class='ocrx_word' id='word_1_218' title='bbox 1505 1256 1606 1276; x_wconf 87' lang='lat' dir='ltr'>nemo</span> <span class='ocrx_word' id='word_1_219' title='bbox 1637 1247 1816 1286; x_wconf 87' lang='lat' dir='ltr'>quisquam</span> <span class='ocrx_word' id='word_1_220' title='bbox 1846 1258 1891 1278; x_wconf 77' lang='lat' dir='ltr'>ex</span> <span class='ocrx_word' id='word_1_221' title='bbox 1925 1249 1984 1278; x_wconf 88' lang='lat' dir='ltr'>ad-</span> 
     </span>
     <span class='ocr_line' id='line_1_19' title="bbox 201 1300 1986 1341; baseline 0.001 -10"><span class='ocrx_word' id='word_1_222' title='bbox 201 1302 364 1332; x_wconf 86' lang='lat' dir='ltr'>versariis</span> <span class='ocrx_word' id='word_1_223' title='bbox 399 1302 525 1331; x_wconf 88' lang='lat' dir='ltr'>malum</span> <span class='ocrx_word' id='word_1_224' title='bbox 561 1301 742 1337; x_wconf 84' lang='lat' dir='ltr'>Punicum,</span> <span class='ocrx_word' id='word_1_225' title='bbox 783 1302 877 1341; x_wconf 90' lang='lat' dir='ltr'>quod</span> <span class='ocrx_word' id='word_1_226' title='bbox 911 1312 1012 1331; x_wconf 87' lang='lat' dir='ltr'>manu</span> <span class='ocrx_word' id='word_1_227' title='bbox 1047 1300 1374 1340; x_wconf 81' lang='lat' dir='ltr'>comprehendisset,</span> <span class='ocrx_word' id='word_1_228' title='bbox 1411 1300 1544 1339; x_wconf 88' lang='lat' dir='ltr'>eripere</span> <span class='ocrx_word' id='word_1_229' title='bbox 1581 1301 1657 1330; x_wconf 84' lang='lat' dir='ltr'>ullis</span> <span class='ocrx_word' id='word_1_230' title='bbox 1692 1302 1855 1331; x_wconf 82' lang='lat' dir='ltr'>machinis</span> <span class='ocrx_word' id='word_1_231' title='bbox 1892 1304 1986 1333; x_wconf 78' lang='lat' dir='ltr'>vale—</span> 
     </span>
     <span class='ocr_line' id='line_1_20' title="bbox 202 1354 1986 1395; baseline 0 -9"><span class='ocrx_word' id='word_1_232' title='bbox 202 1357 271 1387; x_wconf 85' lang='lat' dir='ltr'>bat.</span> <span class='ocrx_word' id='word_1_233' title='bbox 315 1356 387 1387; x_wconf 86' lang='lat' dir='ltr'>Iam</span> <span class='ocrx_word' id='word_1_234' title='bbox 409 1356 586 1386; x_wconf 88' lang='lat' dir='ltr'>ridiculum</span> <span class='ocrx_word' id='word_1_235' title='bbox 608 1355 684 1385; x_wconf 88' lang='lat' dir='ltr'>visu</span> <span class='ocrx_word' id='word_1_236' title='bbox 707 1356 779 1395; x_wconf 71' lang='lat' dir='ltr'>tuit7</span> <span class='ocrx_word' id='word_1_237' title='bbox 813 1365 888 1386; x_wconf 89' lang='lat' dir='ltr'>cum</span> <span class='ocrx_word' id='word_1_238' title='bbox 912 1366 979 1385; x_wconf 92' lang='lat' dir='ltr'>una</span> <span class='ocrx_word' id='word_1_239' title='bbox 1003 1356 1211 1389; x_wconf 85' lang='lat' dir='ltr'>muliercula,</span> <span class='ocrx_word' id='word_1_240' title='bbox 1237 1354 1345 1384; x_wconf 80' lang='lat' dir='ltr'>amica</span> <span class='ocrx_word' id='word_1_241' title='bbox 1369 1354 1450 1388; x_wconf 71' lang='lat' dir='ltr'>eius,</span> <span class='ocrx_word' id='word_1_242' title='bbox 1474 1355 1565 1384; x_wconf 87' lang='lat' dir='ltr'>idem</span> <span class='ocrx_word' id='word_1_243' title='bbox 1588 1355 1671 1384; x_wconf 89' lang='lat' dir='ltr'>illud</span> <span class='ocrx_word' id='word_1_244' title='bbox 1694 1365 1800 1394; x_wconf 87' lang='lat' dir='ltr'>opera</span> <span class='ocrx_word' id='word_1_245' title='bbox 1824 1355 1986 1386; x_wconf 89' lang='lat' dir='ltr'>facillima</span> 
     </span>
     <span class='ocr_line' id='line_1_21' title="bbox 202 1408 1985 1450; baseline 0.001 -10"><span class='ocrx_word' id='word_1_246' title='bbox 202 1409 369 1450; x_wconf 89' lang='lat' dir='ltr'>perficere</span> <span class='ocrx_word' id='word_1_247' title='bbox 393 1411 534 1440; x_wconf 87' lang='lat' dir='ltr'>soleret:</span> <span class='ocrx_word' id='word_1_248' title='bbox 558 1410 592 1441; x_wconf 83' lang='grc' dir='ltr'>ἐκ</span> <span class='ocrx_word' id='word_1_249' title='bbox 615 1411 650 1441; x_wconf 79' lang='grc' dir='ltr'>δὲ</span> <span class='ocrx_word' id='word_1_250' title='bbox 674 1410 790 1441; x_wconf 88' lang='grc' dir='ltr'>τούτου</span> <span class='ocrx_word' id='word_1_251' title='bbox 812 1412 898 1441; x_wconf 86' lang='grc' dir='ltr'>νοεῖν</span> <span class='ocrx_word' id='word_1_252' title='bbox 921 1410 1022 1447; x_wconf 82' lang='grc' dir='ltr'>ἔσται,</span> <span class='ocrx_word' id='word_1_253' title='bbox 1045 1410 1152 1449; x_wconf 87' lang='lat' dir='ltr'>inquit</span> <span class='ocrx_word' id='word_1_254' title='bbox 1175 1409 1328 1446; x_wconf 74' lang='lat' dir='ltr'>Alianus,</span> <span class='ocrx_word' id='word_1_255' title='bbox 1353 1408 1401 1439; x_wconf 90' lang='grc' dir='ltr'>ὅτι</span> <span class='ocrx_word' id='word_1_256' title='bbox 1425 1409 1442 1439; x_wconf 90' lang='grc' dir='ltr'>ὁ</span> <span class='ocrx_word' id='word_1_257' title='bbox 1467 1409 1577 1439; x_wconf 86' lang='grc' dir='ltr'>Μίλων</span> <span class='ocrx_word' id='word_1_258' title='bbox 1601 1408 1733 1447; x_wconf 88' lang='grc' dir='ltr'>ἰσχυρὸς</span> <span class='ocrx_word' id='word_1_259' title='bbox 1758 1411 1814 1447; x_wconf 80' lang='grc' dir='ltr'>μὲν</span> <span class='ocrx_word' id='word_1_260' title='bbox 1837 1411 1873 1441; x_wconf 91' lang='grc' dir='ltr'>τὸ</span> <span class='ocrx_word' id='word_1_261' title='bbox 1890 1413 1985 1449; x_wconf 81' lang='grc' dir='ltr'>σῶμα</span> 
     </span>
     <span class='ocr_line' id='line_1_22' title="bbox 201 1462 1636 1504; baseline -0.003 -8"><span class='ocrx_word' id='word_1_262' title='bbox 201 1465 249 1504; x_wconf 74' lang='grc' dir='ltr'>ἦν,</span> <span class='ocrx_word' id='word_1_263' title='bbox 272 1465 418 1503; x_wconf 83' lang='grc' dir='ltr'>ἀνδρεῖος</span> <span class='ocrx_word' id='word_1_264' title='bbox 441 1466 475 1495; x_wconf 82' lang='grc' dir='ltr'>δὲ</span> <span class='ocrx_word' id='word_1_265' title='bbox 497 1465 554 1502; x_wconf 87' lang='grc' dir='ltr'>τὴν</span> <span class='ocrx_word' id='word_1_266' title='bbox 578 1465 685 1502; x_wconf 80' lang='grc' dir='ltr'>ψυχὴν</span> <span class='ocrx_word' id='word_1_267' title='bbox 708 1464 766 1495; x_wconf 89' lang='grc' dir='ltr'>οὐκ</span> <span class='ocrx_word' id='word_1_268' title='bbox 788 1464 836 1502; x_wconf 86' lang='grc' dir='ltr'>ἦν.</span> <span class='ocrx_word' id='word_1_269' title='bbox 874 1464 1057 1494; x_wconf 85' lang='lat' dir='ltr'>Amoebeo</span> <span class='ocrx_word' id='word_1_270' title='bbox 1079 1465 1180 1503; x_wconf 89' lang='lat' dir='ltr'>plura</span> <span class='ocrx_word' id='word_1_271' title='bbox 1204 1462 1349 1497; x_wconf 60' lang='lat' dir='ltr'>Aeliam„</span> <span class='ocrx_word' id='word_1_272' title='bbox 1375 1462 1414 1493; x_wconf 81' lang='lat' dir='ltr'>V.</span> <span class='ocrx_word' id='word_1_273' title='bbox 1439 1463 1481 1493; x_wconf 90' lang='lat' dir='ltr'>H.</span> <span class='ocrx_word' id='word_1_274' title='bbox 1506 1463 1564 1495; x_wconf 80' lang='lat' dir='ltr'>III,</span> <span class='ocrx_word' id='word_1_275' title='bbox 1589 1464 1636 1493; x_wconf 87' lang='lat'>30.</span> 
     </span>
    </p>
   </div>
   <div class='ocr_carea' id='block_1_3' title="bbox 367 1537 1825 1632">
    <p class='ocr_par' dir='ltr' id='par_1_3' title="bbox 367 1537 1825 1632">
     <span class='ocr_line' id='line_1_23' title="bbox 367 1537 1825 1578; baseline 0 -9"><span class='ocrx_word' id='word_1_276' title='bbox 367 1540 413 1570; x_wconf 83' lang='lat'>15.</span> <span class='ocrx_word' id='word_1_277' title='bbox 459 1537 637 1577; x_wconf 79' lang='lat' dir='ltr'>Quaenam</span> <span class='ocrx_word' id='word_1_278' title='bbox 663 1539 696 1568; x_wconf 90' lang='lat' dir='ltr'>in</span> <span class='ocrx_word' id='word_1_279' title='bbox 719 1539 834 1578; x_wconf 86' lang='lat' dir='ltr'>capita</span> <span class='ocrx_word' id='word_1_280' title='bbox 857 1546 1017 1570; x_wconf 82' lang='lat' dir='ltr'>auctores</span> <span class='ocrx_word' id='word_1_281' title='bbox 1040 1539 1111 1576; x_wconf 85' lang='grc' dir='ltr'>περὶ</span> <span class='ocrx_word' id='word_1_282' title='bbox 1137 1538 1271 1575; x_wconf 81' lang='grc' dir='ltr'>ἀγώνων</span> <span class='ocrx_word' id='word_1_283' title='bbox 1294 1539 1473 1568; x_wconf 85' lang='lat' dir='ltr'>materiam</span> <span class='ocrx_word' id='word_1_284' title='bbox 1497 1539 1540 1568; x_wconf 89' lang='lat' dir='ltr'>de</span> <span class='ocrx_word' id='word_1_285' title='bbox 1564 1538 1643 1568; x_wconf 88' lang='lat' dir='ltr'>fatis</span> <span class='ocrx_word' id='word_1_286' title='bbox 1668 1545 1701 1569; x_wconf 88' lang='lat' dir='ltr'>et</span> <span class='ocrx_word' id='word_1_287' title='bbox 1725 1538 1825 1569; x_wconf 79' lang='lat' dir='ltr'>factis</span> 
     </span>
     <span class='ocr_line' id='line_1_24' title="bbox 600 1593 1591 1632; baseline 0 -10"><span class='ocrx_word' id='word_1_288' title='bbox 600 1593 807 1623; x_wconf 86' lang='lat' dir='ltr'>athletarum</span> <span class='ocrx_word' id='word_1_289' title='bbox 827 1593 1071 1627; x_wconf 82' lang='lat' dir='ltr'>distribuerint,</span> <span class='ocrx_word' id='word_1_290' title='bbox 1096 1593 1241 1632; x_wconf 87' lang='lat' dir='ltr'>amplius</span> <span class='ocrx_word' id='word_1_291' title='bbox 1266 1593 1369 1622; x_wconf 88' lang='lat' dir='ltr'>etiam</span> <span class='ocrx_word' id='word_1_292' title='bbox 1392 1593 1591 1623; x_wconf 89' lang='lat' dir='ltr'>illustratur.</span> 
     </span>
    </p>
   </div>
   <div class='ocr_carea' id='block_1_4' title="bbox 200 1659 1987 2403">
    <p class='ocr_par' dir='ltr' id='par_1_4' title="bbox 200 1659 1987 2403">
     <span class='ocr_line' id='line_1_25' title="bbox 351 1659 1986 1699; baseline 0.002 -10"><span class='ocrx_word' id='word_1_293' title='bbox 351 1659 487 1690; x_wconf 89' lang='lat' dir='ltr'>Deinde</span> <span class='ocrx_word' id='word_1_294' title='bbox 510 1659 595 1689; x_wconf 89' lang='lat' dir='ltr'>alius</span> <span class='ocrx_word' id='word_1_295' title='bbox 625 1660 764 1699; x_wconf 88' lang='lat' dir='ltr'>quidam</span> <span class='ocrx_word' id='word_1_296' title='bbox 792 1660 997 1699; x_wconf 88' lang='lat' dir='ltr'>scriptorum</span> <span class='ocrx_word' id='word_1_297' title='bbox 1024 1659 1097 1697; x_wconf 81' lang='grc' dir='ltr'>περὶ</span> <span class='ocrx_word' id='word_1_298' title='bbox 1127 1659 1262 1695; x_wconf 84' lang='grc' dir='ltr'>ἀγώνων</span> <span class='ocrx_word' id='word_1_299' title='bbox 1294 1660 1390 1689; x_wconf 92' lang='lat' dir='ltr'>locus</span> <span class='ocrx_word' id='word_1_300' title='bbox 1419 1659 1572 1689; x_wconf 88' lang='lat' dir='ltr'>studiose</span> <span class='ocrx_word' id='word_1_301' title='bbox 1597 1660 1753 1690; x_wconf 85' lang='lat' dir='ltr'>excultus</span> <span class='ocrx_word' id='word_1_302' title='bbox 1777 1660 1805 1689; x_wconf 91' lang='lat' dir='ltr'>is</span> <span class='ocrx_word' id='word_1_303' title='bbox 1829 1668 1912 1696; x_wconf 84' lang='lat' dir='ltr'>erat,</span> <span class='ocrx_word' id='word_1_304' title='bbox 1949 1668 1986 1692; x_wconf 89' lang='lat' dir='ltr'>ut</span> 
     </span>
     <span class='ocr_line' id='line_1_26' title="bbox 204 1713 1985 1753; baseline 0.001 -9"><span class='ocrx_word' id='word_1_305' title='bbox 204 1714 365 1753; x_wconf 78' lang='lat' dir='ltr'>exempla</span> <span class='ocrx_word' id='word_1_306' title='bbox 387 1713 631 1753; x_wconf 81' lang='lat' dir='ltr'>colligerentur</span> <span class='ocrx_word' id='word_1_307' title='bbox 651 1724 771 1744; x_wconf 90' lang='lat' dir='ltr'>eorum</span> <span class='ocrx_word' id='word_1_308' title='bbox 795 1715 1012 1753; x_wconf 73' lang='lat' dir='ltr'>athletarum,</span> <span class='ocrx_word' id='word_1_309' title='bbox 1036 1723 1124 1752; x_wconf 90' lang='lat' dir='ltr'>quos</span> <span class='ocrx_word' id='word_1_310' title='bbox 1148 1719 1205 1743; x_wconf 88' lang='lat' dir='ltr'>aut</span> <span class='ocrx_word' id='word_1_311' title='bbox 1228 1713 1261 1743; x_wconf 92' lang='lat' dir='ltr'>in</span> <span class='ocrx_word' id='word_1_312' title='bbox 1286 1720 1442 1743; x_wconf 80' lang='lat' dir='ltr'>extremo</span> <span class='ocrx_word' id='word_1_313' title='bbox 1466 1714 1661 1748; x_wconf 82' lang='lat' dir='ltr'>certamine,</span> <span class='ocrx_word' id='word_1_314' title='bbox 1687 1720 1744 1743; x_wconf 86' lang='lat' dir='ltr'>aut</span> <span class='ocrx_word' id='word_1_315' title='bbox 1766 1715 1882 1753; x_wconf 87' lang='lat' dir='ltr'>paullo</span> <span class='ocrx_word' id='word_1_316' title='bbox 1906 1721 1985 1745; x_wconf 86' lang='lat' dir='ltr'>ante</span> 
     </span>
     <span class='ocr_line' id='line_1_27' title="bbox 202 1767 1985 1808; baseline 0.001 -11"><span class='ocrx_word' id='word_1_317' title='bbox 202 1769 312 1808; x_wconf 90' lang='lat' dir='ltr'>ipsam</span> <span class='ocrx_word' id='word_1_318' title='bbox 345 1769 378 1797; x_wconf 94' lang='lat' dir='ltr'>in</span> <span class='ocrx_word' id='word_1_319' title='bbox 401 1768 518 1798; x_wconf 90' lang='lat' dir='ltr'>Altide</span> <span class='ocrx_word' id='word_1_320' title='bbox 551 1778 703 1807; x_wconf 83' lang='lat' dir='ltr'>pugnam</span> <span class='ocrx_word' id='word_1_321' title='bbox 735 1774 951 1807; x_wconf 75' lang='lat' dir='ltr'>gymnastae,</span> <span class='ocrx_word' id='word_1_322' title='bbox 987 1778 1007 1797; x_wconf 92' lang='lat' dir='ltr'>a</span> <span class='ocrx_word' id='word_1_323' title='bbox 1040 1767 1165 1807; x_wconf 88' lang='lat' dir='ltr'>quibus</span> <span class='ocrx_word' id='word_1_324' title='bbox 1195 1767 1375 1797; x_wconf 78' lang='lat' dir='ltr'>exercitati</span> <span class='ocrx_word' id='word_1_325' title='bbox 1409 1774 1443 1796; x_wconf 84' lang='lat' dir='ltr'>et</span> <span class='ocrx_word' id='word_1_326' title='bbox 1465 1767 1609 1797; x_wconf 88' lang='lat' dir='ltr'>instituti</span> <span class='ocrx_word' id='word_1_327' title='bbox 1632 1767 1776 1799; x_wconf 83' lang='lat' dir='ltr'>fuerant.</span> <span class='ocrx_word' id='word_1_328' title='bbox 1811 1778 1985 1808; x_wconf 80' lang='lat' dir='ltr'>generoso</span> 
     </span>
     <span class='ocr_line' id='line_1_28' title="bbox 203 1822 1986 1861; baseline 0.001 -9"><span class='ocrx_word' id='word_1_329' title='bbox 203 1823 316 1861; x_wconf 86' lang='lat' dir='ltr'>aliquo</span> <span class='ocrx_word' id='word_1_330' title='bbox 342 1822 432 1852; x_wconf 91' lang='lat' dir='ltr'>dicto</span> <span class='ocrx_word' id='word_1_331' title='bbox 454 1823 509 1852; x_wconf 86' lang='lat' dir='ltr'>vel</span> <span class='ocrx_word' id='word_1_332' title='bbox 532 1822 589 1861; x_wconf 90' lang='lat' dir='ltr'>pia</span> <span class='ocrx_word' id='word_1_333' title='bbox 614 1822 716 1852; x_wconf 86' lang='lat' dir='ltr'>etiam</span> <span class='ocrx_word' id='word_1_334' title='bbox 740 1822 854 1861; x_wconf 87' lang='lat' dir='ltr'>aliqua</span> <span class='ocrx_word' id='word_1_335' title='bbox 880 1822 1001 1852; x_wconf 86' lang='lat' dir='ltr'>fraude</span> <span class='ocrx_word' id='word_1_336' title='bbox 1031 1823 1075 1851; x_wconf 82' lang='lat' dir='ltr'>ad</span> <span class='ocrx_word' id='word_1_337' title='bbox 1099 1828 1290 1852; x_wconf 83' lang='lat' dir='ltr'>extremam</span> <span class='ocrx_word' id='word_1_338' title='bbox 1318 1822 1439 1851; x_wconf 82' lang='lat' dir='ltr'>virium</span> <span class='ocrx_word' id='word_1_339' title='bbox 1473 1822 1728 1852; x_wconf 86' lang='lat' dir='ltr'>contentionem</span> <span class='ocrx_word' id='word_1_340' title='bbox 1752 1823 1986 1854; x_wconf 81' lang='lat' dir='ltr'>extimulavis-</span> 
     </span>
     <span class='ocr_line' id='line_1_29' title="bbox 204 1874 1985 1915; baseline 0.001 -10"><span class='ocrx_word' id='word_1_341' title='bbox 204 1883 289 1906; x_wconf 85' lang='lat' dir='ltr'>sent.</span> <span class='ocrx_word' id='word_1_342' title='bbox 334 1876 454 1906; x_wconf 84' lang='lat' dir='ltr'>Talem</span> <span class='ocrx_word' id='word_1_343' title='bbox 478 1877 714 1915; x_wconf 76' lang='lat' dir='ltr'>exemplorum</span> <span class='ocrx_word' id='word_1_344' title='bbox 739 1877 862 1906; x_wconf 87' lang='lat' dir='ltr'>seriem</span> <span class='ocrx_word' id='word_1_345' title='bbox 886 1877 1106 1915; x_wconf 87' lang='lat' dir='ltr'>persequitur</span> <span class='ocrx_word' id='word_1_346' title='bbox 1131 1876 1371 1909; x_wconf 80' lang='lat' dir='ltr'>Philostratus,</span> <span class='ocrx_word' id='word_1_347' title='bbox 1395 1874 1574 1915; x_wconf 86' lang='lat' dir='ltr'>Gymnast.</span> <span class='ocrx_word' id='word_1_348' title='bbox 1593 1877 1640 1913; x_wconf 71' lang='lat'>20,</span> <span class='ocrx_word' id='word_1_349' title='bbox 1667 1877 1731 1906; x_wconf 77' lang='lat' dir='ltr'>vol.</span> <span class='ocrx_word' id='word_1_350' title='bbox 1751 1877 1793 1911; x_wconf 78' lang='grc' dir='ltr'>ΙΙ,</span> <span class='ocrx_word' id='word_1_351' title='bbox 1813 1878 1871 1907; x_wconf 75' lang='grc'>271</span> <span class='ocrx_word' id='word_1_352' title='bbox 1898 1884 1985 1907; x_wconf 79' lang='lat' dir='ltr'>extr.</span> 
     </span>
     <span class='ocr_line' id='line_1_30' title="bbox 202 1929 1984 1969; baseline 0.002 -11"><span class='ocrx_word' id='word_1_353' title='bbox 202 1929 355 1968; x_wconf 85' lang='lat' dir='ltr'>Kayser:</span> <span class='ocrx_word' id='word_1_354' title='bbox 389 1929 496 1959; x_wconf 85' lang='grc' dir='ltr'>ὁπόσα</span> <span class='ocrx_word' id='word_1_355' title='bbox 528 1930 562 1960; x_wconf 79' lang='grc' dir='ltr'>δὲ</span> <span class='ocrx_word' id='word_1_356' title='bbox 591 1930 769 1966; x_wconf 77' lang='grc' dir='ltr'>γυμνασταί</span> <span class='ocrx_word' id='word_1_357' title='bbox 797 1929 1010 1967; x_wconf 83' lang='grc' dir='ltr'>Ξυνεβάλοντο</span> <span class='ocrx_word' id='word_1_358' title='bbox 1039 1929 1192 1968; x_wconf 85' lang='grc' dir='ltr'>ἀθληταῖς</span> <span class='ocrx_word' id='word_1_359' title='bbox 1223 1931 1241 1967; x_wconf 87' lang='grc' dir='ltr'>ἠ</span> <span class='ocrx_word' id='word_1_360' title='bbox 1272 1929 1591 1967; x_wconf 86' lang='grc' dir='ltr'>παρακελευσάμενοί</span> <span class='ocrx_word' id='word_1_361' title='bbox 1619 1941 1646 1960; x_wconf 85' lang='grc' dir='ltr'>τι</span> <span class='ocrx_word' id='word_1_362' title='bbox 1674 1930 1692 1967; x_wconf 86' lang='grc' dir='ltr'>ἠ</span> <span class='ocrx_word' id='word_1_363' title='bbox 1716 1931 1943 1969; x_wconf 81' lang='grc' dir='ltr'>ἐπιπλήξαντες</span> <span class='ocrx_word' id='word_1_364' title='bbox 1966 1932 1984 1969; x_wconf 87' lang='grc' dir='ltr'>ἢ</span> 
     </span>
     <span class='ocr_line' id='line_1_31' title="bbox 202 1983 1986 2024; baseline 0.001 -10"><span class='ocrx_word' id='word_1_365' title='bbox 202 1983 434 2021; x_wconf 85' lang='grc' dir='ltr'>ἀπειλήσαντες</span> <span class='ocrx_word' id='word_1_366' title='bbox 456 1984 474 2021; x_wconf 86' lang='grc' dir='ltr'>ἢ</span> <span class='ocrx_word' id='word_1_367' title='bbox 499 1984 724 2021; x_wconf 84' lang='grc' dir='ltr'>σοφισάμενοι,</span> <span class='ocrx_word' id='word_1_368' title='bbox 756 1985 860 2014; x_wconf 86' lang='grc' dir='ltr'>πολλὰ</span> <span class='ocrx_word' id='word_1_369' title='bbox 889 1985 945 2021; x_wconf 78' lang='grc' dir='ltr'>μὲν</span> <span class='ocrx_word' id='word_1_370' title='bbox 976 1985 1076 2014; x_wconf 84' lang='grc' dir='ltr'>ταῦτα</span> <span class='ocrx_word' id='word_1_371' title='bbox 1108 1985 1159 2014; x_wconf 84' lang='grc' dir='ltr'>καὶ</span> <span class='ocrx_word' id='word_1_372' title='bbox 1185 1984 1283 2014; x_wconf 83' lang='grc' dir='ltr'>πλείω</span> <span class='ocrx_word' id='word_1_373' title='bbox 1312 1984 1420 2020; x_wconf 81' lang='grc' dir='ltr'>λόγου,</span> <span class='ocrx_word' id='word_1_374' title='bbox 1447 1984 1589 2020; x_wconf 84' lang='grc' dir='ltr'>λεγέσθω</span> <span class='ocrx_word' id='word_1_375' title='bbox 1617 1985 1651 2015; x_wconf 78' lang='grc' dir='ltr'>δὲ</span> <span class='ocrx_word' id='word_1_376' title='bbox 1680 1985 1718 2015; x_wconf 83' lang='grc' dir='ltr'>τὰ</span> <span class='ocrx_word' id='word_1_377' title='bbox 1742 1985 1986 2024; x_wconf 81' lang='grc' dir='ltr'>ε’λλογιμώτερα.</span> 
     </span>
     <span class='ocr_line' id='line_1_32' title="bbox 203 2036 1987 2079; baseline 0.001 -11"><span class='ocrx_word' id='word_1_378' title='bbox 203 2036 400 2076; x_wconf 85' lang='lat' dir='ltr'>Sequuntur</span> <span class='ocrx_word' id='word_1_379' title='bbox 422 2038 572 2077; x_wconf 87' lang='lat' dir='ltr'>quinque</span> <span class='ocrx_word' id='word_1_380' title='bbox 595 2039 757 2077; x_wconf 77' lang='lat' dir='ltr'>exempla</span> <span class='ocrx_word' id='word_1_381' title='bbox 779 2039 978 2078; x_wconf 78' lang='lat' dir='ltr'>generalem</span> <span class='ocrx_word' id='word_1_382' title='bbox 1002 2039 1095 2068; x_wconf 86' lang='lat' dir='ltr'>illam</span> <span class='ocrx_word' id='word_1_383' title='bbox 1119 2039 1273 2078; x_wconf 84' lang='lat' dir='ltr'>regulam</span> <span class='ocrx_word' id='word_1_384' title='bbox 1298 2038 1512 2068; x_wconf 86' lang='lat' dir='ltr'>illustrantia.</span> <span class='ocrx_word' id='word_1_385' title='bbox 1568 2038 1721 2068; x_wconf 85' lang='lat' dir='ltr'>Tertium</span> <span class='ocrx_word' id='word_1_386' title='bbox 1745 2049 1861 2069; x_wconf 80' lang='lat' dir='ltr'>rursus</span> <span class='ocrx_word' id='word_1_387' title='bbox 1884 2046 1987 2079; x_wconf 90' lang='lat' dir='ltr'>caput</span> 
     </span>
     <span class='ocr_line' id='line_1_33' title="bbox 201 2091 1986 2133; baseline 0.001 -12"><span class='ocrx_word' id='word_1_388' title='bbox 201 2091 264 2121; x_wconf 88' lang='lat' dir='ltr'>fuit</span> <span class='ocrx_word' id='word_1_389' title='bbox 277 2092 320 2121; x_wconf 90' lang='lat' dir='ltr'>de</span> <span class='ocrx_word' id='word_1_390' title='bbox 338 2092 475 2122; x_wconf 87' lang='lat' dir='ltr'>somniis</span> <span class='ocrx_word' id='word_1_391' title='bbox 489 2098 523 2122; x_wconf 91' lang='lat' dir='ltr'>et</span> <span class='ocrx_word' id='word_1_392' title='bbox 539 2093 688 2122; x_wconf 90' lang='lat' dir='ltr'>oraculis</span> <span class='ocrx_word' id='word_1_393' title='bbox 705 2091 839 2122; x_wconf 84' lang='lat' dir='ltr'>felicem</span> <span class='ocrx_word' id='word_1_394' title='bbox 857 2093 1080 2123; x_wconf 85' lang='lat' dir='ltr'>certaminum</span> <span class='ocrx_word' id='word_1_395' title='bbox 1097 2093 1227 2122; x_wconf 79' lang='lat' dir='ltr'>exitum</span> <span class='ocrx_word' id='word_1_396' title='bbox 1240 2092 1527 2132; x_wconf 73' lang='lat' dir='ltr'>praedicentibus,</span> <span class='ocrx_word' id='word_1_397' title='bbox 1551 2093 1645 2122; x_wconf 89' lang='lat' dir='ltr'>cuius</span> <span class='ocrx_word' id='word_1_398' title='bbox 1669 2093 1807 2132; x_wconf 66' lang='lat' dir='ltr'>generis</span> <span class='ocrx_word' id='word_1_399' title='bbox 1825 2095 1986 2133; x_wconf 81' lang='lat' dir='ltr'>exempla</span> 
     </span>
     <span class='ocr_line' id='line_1_34' title="bbox 202 2145 1984 2185; baseline 0.002 -10"><span class='ocrx_word' id='word_1_400' title='bbox 202 2152 280 2175; x_wconf 90' lang='lat' dir='ltr'>sunt</span> <span class='ocrx_word' id='word_1_401' title='bbox 301 2146 516 2176; x_wconf 85' lang='lat' dir='ltr'>narrationes</span> <span class='ocrx_word' id='word_1_402' title='bbox 539 2148 631 2185; x_wconf 88' lang='lat' dir='ltr'>apud</span> <span class='ocrx_word' id='word_1_403' title='bbox 652 2146 859 2176; x_wconf 88' lang='lat' dir='ltr'>Pausaniam</span> <span class='ocrx_word' id='word_1_404' title='bbox 885 2147 927 2177; x_wconf 90' lang='lat' dir='ltr'>de</span> <span class='ocrx_word' id='word_1_405' title='bbox 953 2146 1162 2183; x_wconf 79' lang='lat' dir='ltr'>Dinolocho⁷</span> <span class='ocrx_word' id='word_1_406' title='bbox 1190 2146 1291 2176; x_wconf 84' lang='lat' dir='ltr'>Paus.</span> <span class='ocrx_word' id='word_1_407' title='bbox 1315 2145 1374 2177; x_wconf 66' lang='lat' dir='ltr'>VI.</span> <span class='ocrx_word' id='word_1_408' title='bbox 1402 2148 1428 2181; x_wconf 84' lang='lat'>1,</span> <span class='ocrx_word' id='word_1_409' title='bbox 1452 2148 1469 2176; x_wconf 88' lang='lat'>5</span> <span class='ocrx_word' id='word_1_410' title='bbox 1499 2153 1532 2176; x_wconf 88' lang='lat' dir='ltr'>et</span> <span class='ocrx_word' id='word_1_411' title='bbox 1557 2147 1600 2176; x_wconf 90' lang='lat' dir='ltr'>de</span> <span class='ocrx_word' id='word_1_412' title='bbox 1625 2146 1771 2184; x_wconf 67' lang='lat' dir='ltr'>Eubota‚</span> <span class='ocrx_word' id='word_1_413' title='bbox 1799 2147 1900 2178; x_wconf 88' lang='lat' dir='ltr'>Paus.</span> <span class='ocrx_word' id='word_1_414' title='bbox 1924 2147 1984 2183; x_wconf 81' lang='lat' dir='ltr'>VI,</span> 
     </span>
     <span class='ocr_line' id='line_1_35' title="bbox 202 2199 1984 2239; baseline 0.002 -10"><span class='ocrx_word' id='word_1_415' title='bbox 202 2201 229 2230; x_wconf 69' lang='lat' dir='ltr'>S.</span> <span class='ocrx_word' id='word_1_416' title='bbox 254 2200 282 2230; x_wconf 84' lang='lat'>3.</span> <span class='ocrx_word' id='word_1_417' title='bbox 328 2199 558 2230; x_wconf 90' lang='lat' dir='ltr'>Clarissimum</span> <span class='ocrx_word' id='word_1_418' title='bbox 582 2200 615 2230; x_wconf 91' lang='lat' dir='ltr'>in</span> <span class='ocrx_word' id='word_1_419' title='bbox 638 2201 702 2230; x_wconf 92' lang='lat' dir='ltr'>hac</span> <span class='ocrx_word' id='word_1_420' title='bbox 727 2201 838 2231; x_wconf 89' lang='lat' dir='ltr'>classe</span> <span class='ocrx_word' id='word_1_421' title='bbox 860 2200 923 2230; x_wconf 85' lang='lat' dir='ltr'>fuit</span> <span class='ocrx_word' id='word_1_422' title='bbox 946 2201 1119 2231; x_wconf 86' lang='lat' dir='ltr'>Tisameni</span> <span class='ocrx_word' id='word_1_423' title='bbox 1141 2200 1214 2230; x_wconf 85' lang='lat' dir='ltr'>Elei</span> <span class='ocrx_word' id='word_1_424' title='bbox 1238 2202 1445 2239; x_wconf 80' lang='lat' dir='ltr'>exemplum,</span> <span class='ocrx_word' id='word_1_425' title='bbox 1478 2202 1570 2239; x_wconf 85' lang='lat' dir='ltr'>quod</span> <span class='ocrx_word' id='word_1_426' title='bbox 1594 2202 1638 2230; x_wconf 89' lang='lat' dir='ltr'>ab</span> <span class='ocrx_word' id='word_1_427' title='bbox 1663 2201 1844 2231; x_wconf 91' lang='lat' dir='ltr'>Herodoto</span> <span class='ocrx_word' id='word_1_428' title='bbox 1867 2201 1930 2237; x_wconf 87' lang='lat' dir='ltr'>IX,</span> <span class='ocrx_word' id='word_1_429' title='bbox 1945 2204 1984 2233; x_wconf 81' lang='lat'>33</span> 
     </span>
     <span class='ocr_line' id='line_1_36' title="bbox 200 2253 1986 2294; baseline 0.003 -13"><span class='ocrx_word' id='word_1_430' title='bbox 200 2253 267 2282; x_wconf 88' lang='lat' dir='ltr'>iam</span> <span class='ocrx_word' id='word_1_431' title='bbox 290 2253 501 2282; x_wconf 90' lang='lat' dir='ltr'>celebratum</span> <span class='ocrx_word' id='word_1_432' title='bbox 530 2254 676 2284; x_wconf 88' lang='lat' dir='ltr'>recoluit</span> <span class='ocrx_word' id='word_1_433' title='bbox 699 2253 800 2284; x_wconf 89' lang='lat' dir='ltr'>Paus.</span> <span class='ocrx_word' id='word_1_434' title='bbox 823 2254 881 2287; x_wconf 77' lang='lat'>111.</span> <span class='ocrx_word' id='word_1_435' title='bbox 908 2256 955 2288; x_wconf 91' lang='grc'>11,</span> <span class='ocrx_word' id='word_1_436' title='bbox 979 2256 998 2285; x_wconf 79' lang='grc'>6</span> <span class='ocrx_word' id='word_1_437' title='bbox 1021 2261 1055 2285; x_wconf 90' lang='lat' dir='ltr'>et</span> <span class='ocrx_word' id='word_1_438' title='bbox 1078 2255 1137 2289; x_wconf 77' lang='lat' dir='ltr'>VI,</span> <span class='ocrx_word' id='word_1_439' title='bbox 1163 2257 1210 2287; x_wconf 78' lang='lat'>14.</span> <span class='ocrx_word' id='word_1_440' title='bbox 1238 2256 1284 2285; x_wconf 88' lang='lat'>13.</span> <span class='ocrx_word' id='word_1_441' title='bbox 1329 2255 1438 2284; x_wconf 87' lang='lat' dir='ltr'>Porro</span> <span class='ocrx_word' id='word_1_442' title='bbox 1470 2255 1552 2284; x_wconf 89' lang='lat' dir='ltr'>illud</span> <span class='ocrx_word' id='word_1_443' title='bbox 1581 2265 1720 2294; x_wconf 88' lang='lat' dir='ltr'>quoque</span> <span class='ocrx_word' id='word_1_444' title='bbox 1750 2256 1793 2285; x_wconf 91' lang='lat' dir='ltr'>ab</span> <span class='ocrx_word' id='word_1_445' title='bbox 1822 2256 1887 2285; x_wconf 88' lang='lat' dir='ltr'>illis</span> <span class='ocrx_word' id='word_1_446' title='bbox 1914 2257 1986 2294; x_wconf 85' lang='grc' dir='ltr'>περὶ</span> 
     </span>
     <span class='ocr_line' id='line_1_37' title="bbox 201 2306 1986 2350; baseline 0.002 -12"><span class='ocrx_word' id='word_1_447' title='bbox 201 2306 336 2342; x_wconf 84' lang='grc' dir='ltr'>ἀγώνων</span> <span class='ocrx_word' id='word_1_448' title='bbox 353 2307 600 2337; x_wconf 89' lang='lat' dir='ltr'>scrutatoribus</span> <span class='ocrx_word' id='word_1_449' title='bbox 624 2309 847 2338; x_wconf 82' lang='lat' dir='ltr'>observatum</span> <span class='ocrx_word' id='word_1_450' title='bbox 869 2316 929 2342; x_wconf 75' lang='lat' dir='ltr'>est,</span> <span class='ocrx_word' id='word_1_451' title='bbox 954 2319 1057 2348; x_wconf 89' lang='lat' dir='ltr'>quam</span> <span class='ocrx_word' id='word_1_452' title='bbox 1081 2309 1224 2340; x_wconf 90' lang='lat' dir='ltr'>mirifica</span> <span class='ocrx_word' id='word_1_453' title='bbox 1247 2310 1418 2340; x_wconf 88' lang='lat' dir='ltr'>interdum</span> <span class='ocrx_word' id='word_1_454' title='bbox 1440 2309 1573 2340; x_wconf 88' lang='lat' dir='ltr'>ratione</span> <span class='ocrx_word' id='word_1_455' title='bbox 1596 2320 1640 2340; x_wconf 81' lang='lat' dir='ltr'>ex</span> <span class='ocrx_word' id='word_1_456' title='bbox 1659 2309 1778 2340; x_wconf 81' lang='lat' dir='ltr'>Altide</span> <span class='ocrx_word' id='word_1_457' title='bbox 1802 2309 1986 2350; x_wconf 82' lang='lat' dir='ltr'>Olympica</span> 
     </span>
     <span class='ocr_line' id='line_1_38' title="bbox 202 2361 1984 2403; baseline 0.002 -13"><span class='ocrx_word' id='word_1_458' title='bbox 202 2361 406 2391; x_wconf 81' lang='lat' dir='ltr'>brevissimo</span> <span class='ocrx_word' id='word_1_459' title='bbox 430 2367 588 2400; x_wconf 90' lang='lat' dir='ltr'>tempore</span> <span class='ocrx_word' id='word_1_460' title='bbox 610 2362 777 2392; x_wconf 84' lang='lat' dir='ltr'>victoriae</span> <span class='ocrx_word' id='word_1_461' title='bbox 796 2363 931 2392; x_wconf 87' lang='lat' dir='ltr'>nuntius</span> <span class='ocrx_word' id='word_1_462' title='bbox 954 2364 987 2392; x_wconf 93' lang='lat' dir='ltr'>in</span> <span class='ocrx_word' id='word_1_463' title='bbox 1013 2369 1124 2393; x_wconf 84' lang='lat' dir='ltr'>terras</span> <span class='ocrx_word' id='word_1_464' title='bbox 1148 2364 1333 2393; x_wconf 88' lang='lat' dir='ltr'>admodum</span> <span class='ocrx_word' id='word_1_465' title='bbox 1352 2368 1503 2393; x_wconf 88' lang='lat' dir='ltr'>remotas</span> <span class='ocrx_word' id='word_1_466' title='bbox 1528 2364 1573 2393; x_wconf 87' lang='lat' dir='ltr'>ad</span> <span class='ocrx_word' id='word_1_467' title='bbox 1594 2371 1757 2403; x_wconf 87' lang='lat' dir='ltr'>parentes</span> <span class='ocrx_word' id='word_1_468' title='bbox 1779 2365 1984 2402; x_wconf 87' lang='lat' dir='ltr'>pervenerit.</span> 
     </span>
    </p>
   </div>
   <div class='ocr_carea' id='block_1_5' title="bbox 202 2415 1986 2498">
    <p class='ocr_par' dir='ltr' id='par_1_5' title="bbox 202 2415 1986 2498">
     <span class='ocr_line' id='line_1_39' title="bbox 202 2415 1986 2457; baseline 0.003 -13"><span class='ocrx_word' id='word_1_469' title='bbox 202 2415 458 2446; x_wconf 86' lang='lat' dir='ltr'>Taurosthenes</span> <span class='ocrx_word' id='word_1_470' title='bbox 484 2415 661 2455; x_wconf 86' lang='lat' dir='ltr'>Aegineta</span> <span class='ocrx_word' id='word_1_471' title='bbox 687 2416 881 2446; x_wconf 88' lang='lat' dir='ltr'>columbam</span> <span class='ocrx_word' id='word_1_472' title='bbox 905 2427 1020 2447; x_wconf 89' lang='lat' dir='ltr'>secum</span> <span class='ocrx_word' id='word_1_473' title='bbox 1045 2419 1247 2451; x_wconf 80' lang='lat' dir='ltr'>abduxerat.</span> <span class='ocrx_word' id='word_1_474' title='bbox 1277 2427 1366 2457; x_wconf 86' lang='lat' dir='ltr'>quae</span> <span class='ocrx_word' id='word_1_475' title='bbox 1395 2418 1510 2456; x_wconf 79' lang='lat' dir='ltr'>pullos</span> <span class='ocrx_word' id='word_1_476' title='bbox 1538 2418 1571 2447; x_wconf 87' lang='lat' dir='ltr'>in</span> <span class='ocrx_word' id='word_1_477' title='bbox 1598 2418 1677 2448; x_wconf 88' lang='lat' dir='ltr'>nido</span> <span class='ocrx_word' id='word_1_478' title='bbox 1707 2418 1798 2448; x_wconf 86' lang='lat' dir='ltr'>domi</span> <span class='ocrx_word' id='word_1_479' title='bbox 1825 2419 1986 2450; x_wconf 84' lang='lat' dir='ltr'>habebat.</span> 
     </span>
     <span class='ocr_line' id='line_1_40' title="bbox 1772 2474 1786 2498; baseline 0 0"><span class='ocrx_word' id='word_1_480' title='bbox 1772 2474 1786 2498; x_wconf 88' lang='lat'><strong>3</strong></span> 
     </span>
    </p>
   </div>
  </div>
 </body>
</html>
