<?xml version="1.0" encoding="UTF-8"?>
<!DOCTYPE html PUBLIC "-//W3C//DTD XHTML 1.0 Transitional//EN"
    "http://www.w3.org/TR/xhtml1/DTD/xhtml1-transitional.dtd">
<html xmlns="http://www.w3.org/1999/xhtml" xml:lang="en" lang="en">
 <head>
  <title>
</title>
<meta http-equiv="Content-Type" content="text/html;charset=utf-8" />
  <meta name='ocr-system' content='tesseract 3.04.00' />
  <meta name='ocr-capabilities' content='ocr_page ocr_carea ocr_par ocr_line ocrx_word'/>
</head>
<body>
  <div class='ocr_page' id='page_1' title='image "./depindaripoetaee00luebuoft_0011.png"; bbox 0 0 2236 2979; ppageno 0'>
   <div class='ocr_carea' id='block_1_1' title="bbox 1095 275 1149 306">
    <p class='ocr_par' dir='ltr' id='par_1_1' title="bbox 1095 275 1149 306">
     <span class='ocr_line' id='line_1_1' title="bbox 1095 275 1149 306; baseline 0.019 -1"><span class='ocrx_word' id='word_1_1' title='bbox 1095 275 1149 306; x_wconf 91' lang='lat' dir='ltr'>IX</span> 
     </span>
    </p>
   </div>
   <div class='ocr_carea' id='block_1_2' title="bbox 224 377 2014 1227">
    <p class='ocr_par' dir='ltr' id='par_1_2' title="bbox 224 377 2014 1227">
     <span class='ocr_line' id='line_1_2' title="bbox 230 377 2014 418; baseline 0.001 -11"><span class='ocrx_word' id='word_1_2' title='bbox 230 377 345 409; x_wconf 87' lang='lat' dir='ltr'>fuisse.</span> <span class='ocrx_word' id='word_1_3' title='bbox 391 377 558 408; x_wconf 83' lang='lat' dir='ltr'><strong>Gelonem</strong></span> <span class='ocrx_word' id='word_1_4' title='bbox 582 378 671 407; x_wconf 91' lang='lat' dir='ltr'>enim</span> <span class='ocrx_word' id='word_1_5' title='bbox 696 377 947 417; x_wconf 81' lang='lat' dir='ltr'>Syracusarum</span> <span class='ocrx_word' id='word_1_6' title='bbox 971 387 1081 417; x_wconf 87' lang='lat' dir='ltr'>regno</span> <span class='ocrx_word' id='word_1_7' title='bbox 1101 378 1248 416; x_wconf 89' lang='lat' dir='ltr'>potitum</span> <span class='ocrx_word' id='word_1_8' title='bbox 1273 388 1349 408; x_wconf 88' lang='lat' dir='ltr'>esse</span> <span class='ocrx_word' id='word_1_9' title='bbox 1373 383 1407 408; x_wconf 92' lang='lat' dir='ltr'>et</span> <span class='ocrx_word' id='word_1_10' title='bbox 1431 379 1548 408; x_wconf 87' lang='lat' dir='ltr'>sedem</span> <span class='ocrx_word' id='word_1_11' title='bbox 1577 379 1674 418; x_wconf 87' lang='lat' dir='ltr'>regni</span> <span class='ocrx_word' id='word_1_12' title='bbox 1688 377 1881 418; x_wconf 85' lang='lat' dir='ltr'>Syracusas</span> <span class='ocrx_word' id='word_1_13' title='bbox 1903 384 2014 409; x_wconf 90' lang='lat' dir='ltr'>trans-</span> 
     </span>
     <span class='ocr_line' id='line_1_3' title="bbox 231 431 2013 472; baseline 0.002 -11"><span class='ocrx_word' id='word_1_14' title='bbox 231 432 350 462; x_wconf 82' lang='lat' dir='ltr'><strong>tulisse</strong></span> <span class='ocrx_word' id='word_1_15' title='bbox 373 441 461 461; x_wconf 91' lang='lat' dir='ltr'>anno</span> <span class='ocrx_word' id='word_1_16' title='bbox 484 432 527 462; x_wconf 94' lang='lat' dir='ltr'>ol.</span> <span class='ocrx_word' id='word_1_17' title='bbox 546 432 593 467; x_wconf 83' lang='lat'>72,</span> <span class='ocrx_word' id='word_1_18' title='bbox 610 433 627 462; x_wconf 85' lang='lat'><strong>2</strong></span> <span class='ocrx_word' id='word_1_19' title='bbox 651 432 703 469; x_wconf 86' lang='lat'>(==</span> <span class='ocrx_word' id='word_1_20' title='bbox 718 432 802 469; x_wconf 85' lang='lat'>491),</span> <span class='ocrx_word' id='word_1_21' title='bbox 826 432 990 462; x_wconf 82' lang='lat' dir='ltr'>archonte</span> <span class='ocrx_word' id='word_1_22' title='bbox 1017 431 1165 461; x_wconf 81' lang='lat' dir='ltr'>Athenis</span> <span class='ocrx_word' id='word_1_23' title='bbox 1187 431 1385 471; x_wconf 89' lang='lat' dir='ltr'>Hybrilida:</span> <span class='ocrx_word' id='word_1_24' title='bbox 1414 433 1517 463; x_wconf 84' lang='grc' dir='ltr'>Γέλων</span> <span class='ocrx_word' id='word_1_25' title='bbox 1541 433 1576 463; x_wconf 81' lang='grc' dir='ltr'>δὲ</span> <span class='ocrx_word' id='word_1_26' title='bbox 1599 433 1617 463; x_wconf 87' lang='grc' dir='ltr'>ὁ</span> <span class='ocrx_word' id='word_1_27' title='bbox 1641 433 1785 471; x_wconf 85' lang='grc' dir='ltr'>Σικελίας</span> <span class='ocrx_word' id='word_1_28' title='bbox 1809 434 2013 472; x_wconf 87' lang='grc' dir='ltr'>τυραννήσας</span> 
     </span>
     <span class='ocr_line' id='line_1_4' title="bbox 231 485 2012 526; baseline 0.001 -10"><span class='ocrx_word' id='word_1_29' title='bbox 231 486 442 524; x_wconf 88' lang='grc' dir='ltr'>Συρακούσας</span> <span class='ocrx_word' id='word_1_30' title='bbox 465 485 562 524; x_wconf 83' lang='grc' dir='ltr'>ἔσχεν</span> <span class='ocrx_word' id='word_1_31' title='bbox 584 485 764 524; x_wconf 79' lang='grc' dir='ltr'>Ὑβριλίδου</span> <span class='ocrx_word' id='word_1_32' title='bbox 788 487 845 524; x_wconf 82' lang='grc' dir='ltr'>μὲν</span> <span class='ocrx_word' id='word_1_33' title='bbox 867 486 1039 526; x_wconf 86' lang='grc' dir='ltr'>Ἀθήνῃσιν</span> <span class='ocrx_word' id='word_1_34' title='bbox 1063 485 1238 524; x_wconf 80' lang='grc' dir='ltr'>ἄρχοντος,</span> <span class='ocrx_word' id='word_1_35' title='bbox 1268 487 1408 526; x_wconf 83' lang='grc' dir='ltr'>δευτέρῳ</span> <span class='ocrx_word' id='word_1_36' title='bbox 1437 487 1472 517; x_wconf 80' lang='grc' dir='ltr'>δὲ</span> <span class='ocrx_word' id='word_1_37' title='bbox 1500 486 1561 517; x_wconf 82' lang='grc' dir='ltr'>ἔτει</span> <span class='ocrx_word' id='word_1_38' title='bbox 1584 489 1641 525; x_wconf 83' lang='grc' dir='ltr'>τῆς</span> <span class='ocrx_word' id='word_1_39' title='bbox 1666 488 1819 525; x_wconf 81' lang='grc' dir='ltr'>δευτέρας</span> <span class='ocrx_word' id='word_1_40' title='bbox 1847 488 1898 518; x_wconf 88' lang='grc' dir='ltr'>καὶ</span> <span class='ocrx_word' id='word_1_41' title='bbox 1924 487 2012 526; x_wconf 82' lang='grc' dir='ltr'>ἑβδο-</span> 
     </span>
     <span class='ocr_line' id='line_1_5' title="bbox 231 539 2013 580; baseline 0.001 -10"><span class='ocrx_word' id='word_1_42' title='bbox 231 542 392 578; x_wconf 88' lang='grc' dir='ltr'>μηκοστῆς</span> <span class='ocrx_word' id='word_1_43' title='bbox 415 539 620 578; x_wconf 80' lang='grc' dir='ltr'>ὀλυμπιάδος,</span> <span class='ocrx_word' id='word_1_44' title='bbox 646 540 684 577; x_wconf 85' lang='grc' dir='ltr'>ῆν</span> <span class='ocrx_word' id='word_1_45' title='bbox 707 540 899 578; x_wconf 90' lang='grc' dir='ltr'>Τισικράτης</span> <span class='ocrx_word' id='word_1_46' title='bbox 923 540 1010 570; x_wconf 83' lang='grc' dir='ltr'>ἐνίκα</span> <span class='ocrx_word' id='word_1_47' title='bbox 1035 539 1256 577; x_wconf 87' lang='grc' dir='ltr'>Κροτωνιάτης</span> <span class='ocrx_word' id='word_1_48' title='bbox 1279 539 1421 570; x_wconf 87' lang='grc' dir='ltr'>στάδιον.</span> <span class='ocrx_word' id='word_1_49' title='bbox 1466 539 1565 571; x_wconf 89' lang='lat' dir='ltr'>Hanc</span> <span class='ocrx_word' id='word_1_50' title='bbox 1589 541 1693 580; x_wconf 87' lang='lat' dir='ltr'>igitur</span> <span class='ocrx_word' id='word_1_51' title='bbox 1715 546 1909 580; x_wconf 89' lang='lat' dir='ltr'>temporum</span> <span class='ocrx_word' id='word_1_52' title='bbox 1925 551 2013 571; x_wconf 91' lang='lat' dir='ltr'>com-</span> 
     </span>
     <span class='ocr_line' id='line_1_6' title="bbox 230 591 2014 633; baseline 0 -10"><span class='ocrx_word' id='word_1_53' title='bbox 230 593 444 633; x_wconf 90' lang='lat' dir='ltr'>putationem</span> <span class='ocrx_word' id='word_1_54' title='bbox 468 603 624 633; x_wconf 87' lang='lat' dir='ltr'>pugnare</span> <span class='ocrx_word' id='word_1_55' title='bbox 647 603 723 624; x_wconf 90' lang='lat' dir='ltr'>cum</span> <span class='ocrx_word' id='word_1_56' title='bbox 748 594 1012 633; x_wconf 78' lang='lat' dir='ltr'>epigrammate;</span> <span class='ocrx_word' id='word_1_57' title='bbox 1035 603 1114 622; x_wconf 86' lang='lat' dir='ltr'>narn</span> <span class='ocrx_word' id='word_1_58' title='bbox 1130 591 1300 623; x_wconf 83' lang='lat' dir='ltr'><strong>Gelonem</strong></span> <span class='ocrx_word' id='word_1_59' title='bbox 1316 597 1498 632; x_wconf 88' lang='lat' dir='ltr'>tyrannum</span> <span class='ocrx_word' id='word_1_60' title='bbox 1524 593 1551 622; x_wconf 89' lang='lat' dir='ltr'>si</span> <span class='ocrx_word' id='word_1_61' title='bbox 1567 603 1698 629; x_wconf 90' lang='lat' dir='ltr'>revera,</span> <span class='ocrx_word' id='word_1_62' title='bbox 1723 594 2014 633; x_wconf 82' lang='lat' dir='ltr'>quemadmodum</span> 
     </span>
     <span class='ocr_line' id='line_1_7' title="bbox 230 646 2012 687; baseline 0.001 -11"><span class='ocrx_word' id='word_1_63' title='bbox 230 648 399 683; x_wconf 76' lang='lat' dir='ltr'>credatur,</span> <span class='ocrx_word' id='word_1_64' title='bbox 424 646 607 687; x_wconf 79' lang='lat' dir='ltr'>Olympiae</span> <span class='ocrx_word' id='word_1_65' title='bbox 631 657 720 677; x_wconf 87' lang='lat' dir='ltr'>anno</span> <span class='ocrx_word' id='word_1_66' title='bbox 740 647 782 677; x_wconf 88' lang='lat' dir='ltr'>ol.</span> <span class='ocrx_word' id='word_1_67' title='bbox 797 647 836 677; x_wconf 82' lang='lat'>73</span> <span class='ocrx_word' id='word_1_68' title='bbox 859 648 912 686; x_wconf 88' lang='lat'>(=</span> <span class='ocrx_word' id='word_1_69' title='bbox 928 647 1003 686; x_wconf 83' lang='lat'>488)</span> <span class='ocrx_word' id='word_1_70' title='bbox 1027 647 1177 686; x_wconf 87' lang='lat' dir='ltr'>palmam</span> <span class='ocrx_word' id='word_1_71' title='bbox 1200 646 1344 685; x_wconf 90' lang='lat' dir='ltr'>tulisset,</span> <span class='ocrx_word' id='word_1_72' title='bbox 1367 655 1552 685; x_wconf 76' lang='lat' dir='ltr'>numquam</span> <span class='ocrx_word' id='word_1_73' title='bbox 1568 647 1635 676; x_wconf 90' lang='lat' dir='ltr'>hoc</span> <span class='ocrx_word' id='word_1_74' title='bbox 1654 648 1882 677; x_wconf 85' lang='lat' dir='ltr'>admissurum</span> <span class='ocrx_word' id='word_1_75' title='bbox 1896 647 2012 683; x_wconf 80' lang='lat' dir='ltr'>fuisse,</span> 
     </span>
     <span class='ocr_line' id='line_1_8' title="bbox 230 700 2014 740; baseline 0.001 -10"><span class='ocrx_word' id='word_1_76' title='bbox 230 707 267 731; x_wconf 91' lang='lat' dir='ltr'>ut</span> <span class='ocrx_word' id='word_1_77' title='bbox 288 700 472 731; x_wconf 85' lang='lat' dir='ltr'>Gelensem</span> <span class='ocrx_word' id='word_1_78' title='bbox 495 711 542 736; x_wconf 84' lang='lat' dir='ltr'>se,</span> <span class='ocrx_word' id='word_1_79' title='bbox 575 711 615 731; x_wconf 87' lang='lat' dir='ltr'>ac</span> <span class='ocrx_word' id='word_1_80' title='bbox 639 711 705 730; x_wconf 92' lang='lat' dir='ltr'>non</span> <span class='ocrx_word' id='word_1_81' title='bbox 733 700 985 740; x_wconf 84' lang='lat' dir='ltr'>Syracusanum</span> <span class='ocrx_word' id='word_1_82' title='bbox 1009 700 1195 730; x_wconf 88' lang='lat' dir='ltr'>renuntiari</span> <span class='ocrx_word' id='word_1_83' title='bbox 1217 700 1359 730; x_wconf 85' lang='lat' dir='ltr'>iuberet.</span> <span class='ocrx_word' id='word_1_84' title='bbox 1404 700 1501 730; x_wconf 80' lang='lat' dir='ltr'>Haec</span> <span class='ocrx_word' id='word_1_85' title='bbox 1522 700 1602 739; x_wconf 90' lang='lat' dir='ltr'>quin</span> <span class='ocrx_word' id='word_1_86' title='bbox 1628 700 1675 729; x_wconf 91' lang='lat' dir='ltr'>ita</span> <span class='ocrx_word' id='word_1_87' title='bbox 1699 710 1735 730; x_wconf 91' lang='lat' dir='ltr'>se</span> <span class='ocrx_word' id='word_1_88' title='bbox 1758 701 1919 736; x_wconf 78' lang='lat' dir='ltr'>habeant,</span> <span class='ocrx_word' id='word_1_89' title='bbox 1955 701 2014 731; x_wconf 88' lang='lat' dir='ltr'>du-</span> 
     </span>
     <span class='ocr_line' id='line_1_9' title="bbox 228 753 2013 794; baseline -0.001 -9"><span class='ocrx_word' id='word_1_90' title='bbox 228 755 322 785; x_wconf 90' lang='lat' dir='ltr'>bium</span> <span class='ocrx_word' id='word_1_91' title='bbox 346 765 422 786; x_wconf 90' lang='lat' dir='ltr'>esse</span> <span class='ocrx_word' id='word_1_92' title='bbox 447 764 514 784; x_wconf 89' lang='lat' dir='ltr'>non</span> <span class='ocrx_word' id='word_1_93' title='bbox 537 764 655 793; x_wconf 88' lang='lat' dir='ltr'>posse:</span> <span class='ocrx_word' id='word_1_94' title='bbox 685 756 766 791; x_wconf 89' lang='grc' dir='ltr'>δῆλα</span> <span class='ocrx_word' id='word_1_95' title='bbox 789 754 846 784; x_wconf 82' lang='grc' dir='ltr'>οὖν</span> <span class='ocrx_word' id='word_1_96' title='bbox 863 754 907 792; x_wconf 80' lang='grc' dir='ltr'>ὡς</span> <span class='ocrx_word' id='word_1_97' title='bbox 924 755 1146 792; x_wconf 86' lang='grc' dir='ltr'>Συρακούσιον</span> <span class='ocrx_word' id='word_1_98' title='bbox 1170 755 1229 792; x_wconf 85' lang='grc' dir='ltr'>ἤδη</span> <span class='ocrx_word' id='word_1_99' title='bbox 1253 755 1304 785; x_wconf 85' lang='grc' dir='ltr'>καὶ</span> <span class='ocrx_word' id='word_1_100' title='bbox 1325 754 1364 785; x_wconf 89' lang='grc' dir='ltr'>οὐ</span> <span class='ocrx_word' id='word_1_101' title='bbox 1382 754 1505 794; x_wconf 82' lang='grc' dir='ltr'>Γελῷον</span> <span class='ocrx_word' id='word_1_102' title='bbox 1522 753 1731 792; x_wconf 81' lang='grc' dir='ltr'>ἀναγορεύειν</span> <span class='ocrx_word' id='word_1_103' title='bbox 1752 755 1850 786; x_wconf 84' lang='grc' dir='ltr'>αὑτὸν</span> <span class='ocrx_word' id='word_1_104' title='bbox 1874 755 2013 793; x_wconf 79' lang='grc' dir='ltr'>ἔμελλεν.</span> 
     </span>
     <span class='ocr_line' id='line_1_10' title="bbox 229 808 2012 848; baseline 0 -9"><span class='ocrx_word' id='word_1_105' title='bbox 229 809 293 839; x_wconf 91' lang='lat' dir='ltr'>His</span> <span class='ocrx_word' id='word_1_106' title='bbox 316 809 446 840; x_wconf 77' lang='lat' dir='ltr'>caussis</span> <span class='ocrx_word' id='word_1_107' title='bbox 469 813 678 838; x_wconf 88' lang='lat' dir='ltr'>commotum</span> <span class='ocrx_word' id='word_1_108' title='bbox 695 808 885 838; x_wconf 79' lang='lat' dir='ltr'>Pausanias</span> <span class='ocrx_word' id='word_1_109' title='bbox 910 808 957 837; x_wconf 86' lang='lat' dir='ltr'>ait</span> <span class='ocrx_word' id='word_1_110' title='bbox 979 818 1016 838; x_wconf 92' lang='lat' dir='ltr'>se</span> <span class='ocrx_word' id='word_1_111' title='bbox 1039 808 1200 838; x_wconf 88' lang='lat' dir='ltr'>iudicium</span> <span class='ocrx_word' id='word_1_112' title='bbox 1222 818 1319 838; x_wconf 87' lang='lat' dir='ltr'>suurn</span> <span class='ocrx_word' id='word_1_113' title='bbox 1343 818 1363 838; x_wconf 91' lang='lat' dir='ltr'>a</span> <span class='ocrx_word' id='word_1_114' title='bbox 1379 808 1587 847; x_wconf 87' lang='lat' dir='ltr'>reliquorum</span> <span class='ocrx_word' id='word_1_115' title='bbox 1604 813 1834 838; x_wconf 79' lang='lat' dir='ltr'>scrutatorum</span> <span class='ocrx_word' id='word_1_116' title='bbox 1851 809 2012 848; x_wconf 89' lang='lat' dir='ltr'>opinione</span> 
     </span>
     <span class='ocr_line' id='line_1_11' title="bbox 231 861 2012 903; baseline 0 -10"><span class='ocrx_word' id='word_1_117' title='bbox 231 872 420 903; x_wconf 86' lang='lat' dir='ltr'>segregare</span> <span class='ocrx_word' id='word_1_118' title='bbox 443 862 620 893; x_wconf 84' lang='lat' dir='ltr'>maluisse:</span> <span class='ocrx_word' id='word_1_119' title='bbox 649 862 687 892; x_wconf 88' lang='grc' dir='ltr'>οὐ</span> <span class='ocrx_word' id='word_1_120' title='bbox 711 863 790 892; x_wconf 91' lang='grc' dir='ltr'>κατὰ</span> <span class='ocrx_word' id='word_1_121' title='bbox 812 862 912 892; x_wconf 90' lang='grc' dir='ltr'>ταύτὰ</span> <span class='ocrx_word' id='word_1_122' title='bbox 936 862 1078 893; x_wconf 81' lang='grc' dir='ltr'>δοξάζειν</span> <span class='ocrx_word' id='word_1_123' title='bbox 1107 863 1176 900; x_wconf 83' lang='grc' dir='ltr'>ἐμοὶ</span> <span class='ocrx_word' id='word_1_124' title='bbox 1199 863 1376 900; x_wconf 85' lang='grc' dir='ltr'>παρίστατο</span> <span class='ocrx_word' id='word_1_125' title='bbox 1401 863 1451 892; x_wconf 88' lang='grc' dir='ltr'>καὶ</span> <span class='ocrx_word' id='word_1_126' title='bbox 1474 863 1541 900; x_wconf 82' lang='grc' dir='ltr'>τοῖς</span> <span class='ocrx_word' id='word_1_127' title='bbox 1563 861 1723 900; x_wconf 89' lang='grc' dir='ltr'>πρότερον</span> <span class='ocrx_word' id='word_1_128' title='bbox 1746 863 1763 900; x_wconf 82' lang='grc' dir='ltr'>ἢ</span> <span class='ocrx_word' id='word_1_129' title='bbox 1788 863 1850 898; x_wconf 82' lang='grc' dir='ltr'>ἐγὼ</span> <span class='ocrx_word' id='word_1_130' title='bbox 1875 863 1908 900; x_wconf 79' lang='grc' dir='ltr'>ἐς</span> <span class='ocrx_word' id='word_1_131' title='bbox 1932 863 2012 893; x_wconf 81' lang='grc' dir='ltr'>αὐτὸ</span> 
     </span>
     <span class='ocr_line' id='line_1_12' title="bbox 229 915 2013 956; baseline -0.001 -8"><span class='ocrx_word' id='word_1_132' title='bbox 229 917 398 955; x_wconf 86' lang='grc' dir='ltr'>εἰρηκόσιν,</span> <span class='ocrx_word' id='word_1_133' title='bbox 427 917 456 948; x_wconf 81' lang='grc' dir='ltr'>οἳ</span> <span class='ocrx_word' id='word_1_134' title='bbox 481 917 622 954; x_wconf 86' lang='grc' dir='ltr'>Γέλωνος</span> <span class='ocrx_word' id='word_1_135' title='bbox 650 918 707 947; x_wconf 85' lang='grc' dir='ltr'>τοῦ</span> <span class='ocrx_word' id='word_1_136' title='bbox 742 916 776 947; x_wconf 82' lang='grc' dir='ltr'>ἐν</span> <span class='ocrx_word' id='word_1_137' title='bbox 801 916 925 955; x_wconf 85' lang='grc' dir='ltr'>Σικελίᾳ</span> <span class='ocrx_word' id='word_1_138' title='bbox 952 916 1212 953; x_wconf 87' lang='grc' dir='ltr'>τυραννήσαντός</span> <span class='ocrx_word' id='word_1_139' title='bbox 1243 924 1344 954; x_wconf 86' lang='grc' dir='ltr'>φασιν</span> <span class='ocrx_word' id='word_1_140' title='bbox 1367 916 1514 954; x_wconf 81' lang='grc' dir='ltr'>ἀνάθημα</span> <span class='ocrx_word' id='word_1_141' title='bbox 1545 915 1623 947; x_wconf 78' lang='grc' dir='ltr'>εἶναι</span> <span class='ocrx_word' id='word_1_142' title='bbox 1657 917 1693 946; x_wconf 88' lang='grc' dir='ltr'>τὸ</span> <span class='ocrx_word' id='word_1_143' title='bbox 1717 916 1808 954; x_wconf 86' lang='grc' dir='ltr'>ἅρμα.</span> <span class='ocrx_word' id='word_1_144' title='bbox 1853 916 2013 956; x_wconf 85' lang='lat' dir='ltr'>Denique</span> 
     </span>
     <span class='ocr_line' id='line_1_13' title="bbox 228 969 2009 1008; baseline -0.001 -7"><span class='ocrx_word' id='word_1_145' title='bbox 228 981 329 1001; x_wconf 88' lang='lat' dir='ltr'>unam</span> <span class='ocrx_word' id='word_1_146' title='bbox 352 971 506 1001; x_wconf 88' lang='lat' dir='ltr'>relictam</span> <span class='ocrx_word' id='word_1_147' title='bbox 532 980 608 1000; x_wconf 86' lang='lat' dir='ltr'>esse</span> <span class='ocrx_word' id='word_1_148' title='bbox 628 970 727 1000; x_wconf 90' lang='lat' dir='ltr'>huius</span> <span class='ocrx_word' id='word_1_149' title='bbox 751 969 963 1000; x_wconf 86' lang='lat' dir='ltr'>difficultatis</span> <span class='ocrx_word' id='word_1_150' title='bbox 987 970 1215 1008; x_wconf 77' lang='lat' dir='ltr'>explicandae</span> <span class='ocrx_word' id='word_1_151' title='bbox 1231 970 1321 999; x_wconf 88' lang='lat' dir='ltr'>viam</span> <span class='ocrx_word' id='word_1_152' title='bbox 1344 972 1442 1007; x_wconf 87' lang='lat' dir='ltr'>hanc,</span> <span class='ocrx_word' id='word_1_153' title='bbox 1466 975 1502 1000; x_wconf 93' lang='lat' dir='ltr'>ut</span> <span class='ocrx_word' id='word_1_154' title='bbox 1519 975 1699 1007; x_wconf 83' lang='lat' dir='ltr'>statuatur,</span> <span class='ocrx_word' id='word_1_155' title='bbox 1724 969 1893 1000; x_wconf 86' lang='lat' dir='ltr'>Gelonem</span> <span class='ocrx_word' id='word_1_156' title='bbox 1917 971 2009 1000; x_wconf 91' lang='lat' dir='ltr'>illum</span> 
     </span>
     <span class='ocr_line' id='line_1_14' title="bbox 228 1022 2014 1063; baseline -0.001 -8"><span class='ocrx_word' id='word_1_157' title='bbox 228 1035 327 1056; x_wconf 92' lang='lat' dir='ltr'>curru</span> <span class='ocrx_word' id='word_1_158' title='bbox 351 1026 526 1060; x_wconf 83' lang='lat' dir='ltr'>victorem,</span> <span class='ocrx_word' id='word_1_159' title='bbox 551 1025 754 1054; x_wconf 89' lang='lat' dir='ltr'>Dinomenis</span> <span class='ocrx_word' id='word_1_160' title='bbox 777 1023 892 1063; x_wconf 89' lang='lat' dir='ltr'>filium,</span> <span class='ocrx_word' id='word_1_161' title='bbox 915 1023 1072 1057; x_wconf 85' lang='lat' dir='ltr'>Geloum,</span> <span class='ocrx_word' id='word_1_162' title='bbox 1103 1024 1274 1054; x_wconf 87' lang='lat' dir='ltr'>hominem</span> <span class='ocrx_word' id='word_1_163' title='bbox 1304 1023 1409 1054; x_wconf 89' lang='lat' dir='ltr'>fuisse</span> <span class='ocrx_word' id='word_1_164' title='bbox 1432 1023 1616 1063; x_wconf 87' lang='lat' dir='ltr'>privatum,</span> <span class='ocrx_word' id='word_1_165' title='bbox 1647 1023 1755 1053; x_wconf 83' lang='lat' dir='ltr'>civem</span> <span class='ocrx_word' id='word_1_166' title='bbox 1778 1022 1886 1053; x_wconf 83' lang='lat' dir='ltr'>Gelae</span> <span class='ocrx_word' id='word_1_167' title='bbox 1910 1024 2014 1058; x_wconf 76' lang='lat' dir='ltr'>urbis,</span> 
     </span>
     <span class='ocr_line' id='line_1_15' title="bbox 226 1076 2011 1118; baseline -0.002 -9"><span class='ocrx_word' id='word_1_168' title='bbox 226 1081 469 1118; x_wconf 87' lang='lat' dir='ltr'>homonymum</span> <span class='ocrx_word' id='word_1_169' title='bbox 493 1078 640 1118; x_wconf 81' lang='lat' dir='ltr'>tyranni,</span> <span class='ocrx_word' id='word_1_170' title='bbox 677 1079 799 1108; x_wconf 89' lang='lat' dir='ltr'>eodem</span> <span class='ocrx_word' id='word_1_171' title='bbox 831 1079 933 1117; x_wconf 88' lang='lat' dir='ltr'>plane</span> <span class='ocrx_word' id='word_1_172' title='bbox 967 1079 1080 1111; x_wconf 83' lang='lat' dir='ltr'>modo,</span> <span class='ocrx_word' id='word_1_173' title='bbox 1114 1087 1181 1116; x_wconf 91' lang='lat' dir='ltr'>quo</span> <span class='ocrx_word' id='word_1_174' title='bbox 1212 1082 1311 1116; x_wconf 81' lang='lat' dir='ltr'>pater</span> <span class='ocrx_word' id='word_1_175' title='bbox 1342 1087 1479 1116; x_wconf 87' lang='lat' dir='ltr'>quoque</span> <span class='ocrx_word' id='word_1_176' title='bbox 1503 1077 1585 1113; x_wconf 87' lang='lat' dir='ltr'>eius,</span> <span class='ocrx_word' id='word_1_177' title='bbox 1610 1076 1831 1115; x_wconf 80' lang='lat' dir='ltr'>Dinomenes,</span> <span class='ocrx_word' id='word_1_178' title='bbox 1868 1076 2011 1107; x_wconf 87' lang='lat' dir='ltr'>Gelonis</span> 
     </span>
     <span class='ocr_line' id='line_1_16' title="bbox 226 1130 2011 1173; baseline -0.001 -10"><span class='ocrx_word' id='word_1_179' title='bbox 226 1133 361 1173; x_wconf 87' lang='lat' dir='ltr'>tyranni</span> <span class='ocrx_word' id='word_1_180' title='bbox 384 1132 501 1171; x_wconf 88' lang='lat' dir='ltr'>patris,</span> <span class='ocrx_word' id='word_1_181' title='bbox 530 1132 743 1166; x_wconf 75' lang='lat' dir='ltr'>Dinomenis,</span> <span class='ocrx_word' id='word_1_182' title='bbox 766 1132 994 1171; x_wconf 85' lang='lat' dir='ltr'>homonymus</span> <span class='ocrx_word' id='word_1_183' title='bbox 1018 1131 1134 1161; x_wconf 89' lang='lat' dir='ltr'>fuerit:</span> <span class='ocrx_word' id='word_1_184' title='bbox 1173 1132 1255 1162; x_wconf 86' lang='grc' dir='ltr'>ἀλλὰ</span> <span class='ocrx_word' id='word_1_185' title='bbox 1282 1132 1342 1169; x_wconf 87' lang='grc' dir='ltr'>γὰρ</span> <span class='ocrx_word' id='word_1_186' title='bbox 1370 1131 1496 1169; x_wconf 85' lang='grc' dir='ltr'>ἰδιώτης</span> <span class='ocrx_word' id='word_1_187' title='bbox 1521 1131 1569 1168; x_wconf 78' lang='grc' dir='ltr'>εἴη</span> <span class='ocrx_word' id='word_1_188' title='bbox 1599 1130 1637 1162; x_wconf 83' lang='grc' dir='ltr'>ἄν</span> <span class='ocrx_word' id='word_1_189' title='bbox 1659 1141 1707 1168; x_wconf 89' lang='grc' dir='ltr'>τις</span> <span class='ocrx_word' id='word_1_190' title='bbox 1733 1131 1750 1161; x_wconf 88' lang='grc' dir='ltr'>ὁ</span> <span class='ocrx_word' id='word_1_191' title='bbox 1776 1131 1879 1161; x_wconf 82' lang='grc' dir='ltr'>Γέλων</span> <span class='ocrx_word' id='word_1_192' title='bbox 1903 1130 2011 1169; x_wconf 83' lang='grc' dir='ltr'>οὗτος,</span> 
     </span>
     <span class='ocr_line' id='line_1_17' title="bbox 224 1186 1237 1227; baseline -0.002 -9"><span class='ocrx_word' id='word_1_193' title='bbox 224 1187 345 1225; x_wconf 87' lang='grc' dir='ltr'>πατρός</span> <span class='ocrx_word' id='word_1_194' title='bbox 368 1197 402 1218; x_wconf 90' lang='grc' dir='ltr'>τε</span> <span class='ocrx_word' id='word_1_195' title='bbox 425 1186 595 1224; x_wconf 81' lang='grc' dir='ltr'>ὁμωνύμου</span> <span class='ocrx_word' id='word_1_196' title='bbox 618 1190 663 1227; x_wconf 76' lang='grc' dir='ltr'>τῷ</span> <span class='ocrx_word' id='word_1_197' title='bbox 688 1186 834 1226; x_wconf 84' lang='grc' dir='ltr'>τυράννῳ</span> <span class='ocrx_word' id='word_1_198' title='bbox 855 1187 905 1216; x_wconf 85' lang='grc' dir='ltr'>καὶ</span> <span class='ocrx_word' id='word_1_199' title='bbox 932 1186 1031 1224; x_wconf 86' lang='grc' dir='ltr'>αὐτὸς</span> <span class='ocrx_word' id='word_1_200' title='bbox 1056 1186 1237 1224; x_wconf 81' lang='grc' dir='ltr'>ὁμώνυμος.</span> 
     </span>
    </p>
   </div>
   <div class='ocr_carea' id='block_1_3' title="bbox 439 1292 1794 1387">
    <p class='ocr_par' dir='ltr' id='par_1_3' title="bbox 439 1292 1794 1387">
     <span class='ocr_line' id='line_1_18' title="bbox 439 1292 1794 1333; baseline -0.002 -7"><span class='ocrx_word' id='word_1_201' title='bbox 439 1296 465 1326; x_wconf 92' lang='grc'>7.</span> <span class='ocrx_word' id='word_1_202' title='bbox 511 1295 702 1325; x_wconf 81' lang='lat' dir='ltr'>Pausaniae</span> <span class='ocrx_word' id='word_1_203' title='bbox 727 1304 822 1325; x_wconf 86' lang='lat' dir='ltr'>error</span> <span class='ocrx_word' id='word_1_204' title='bbox 845 1295 1019 1333; x_wconf 89' lang='lat' dir='ltr'>quomodo</span> <span class='ocrx_word' id='word_1_205' title='bbox 1043 1299 1138 1323; x_wconf 86' lang='lat' dir='ltr'>ortus</span> <span class='ocrx_word' id='word_1_206' title='bbox 1163 1294 1214 1329; x_wconf 87' lang='lat' dir='ltr'>sit,</span> <span class='ocrx_word' id='word_1_207' title='bbox 1240 1304 1260 1323; x_wconf 92' lang='lat' dir='ltr'>a</span> <span class='ocrx_word' id='word_1_208' title='bbox 1283 1292 1439 1332; x_wconf 87' lang='lat' dir='ltr'>Georgio</span> <span class='ocrx_word' id='word_1_209' title='bbox 1465 1292 1574 1324; x_wconf 88' lang='lat' dir='ltr'>Grote</span> <span class='ocrx_word' id='word_1_210' title='bbox 1599 1298 1633 1324; x_wconf 89' lang='lat' dir='ltr'>et</span> <span class='ocrx_word' id='word_1_211' title='bbox 1656 1293 1794 1323; x_wconf 89' lang='lat' dir='ltr'>Holmio</span> 
     </span>
     <span class='ocr_line' id='line_1_19' title="bbox 886 1347 1360 1387; baseline 0 -9"><span class='ocrx_word' id='word_1_212' title='bbox 886 1348 1119 1387; x_wconf 84' lang='lat' dir='ltr'>liquidissume</span> <span class='ocrx_word' id='word_1_213' title='bbox 1141 1347 1360 1387; x_wconf 85' lang='lat' dir='ltr'>patefactum.</span> 
     </span>
    </p>
   </div>
   <div class='ocr_carea' id='block_1_4' title="bbox 222 1422 2012 2382">
    <p class='ocr_par' dir='ltr' id='par_1_4' title="bbox 222 1422 2012 2382">
     <span class='ocr_line' id='line_1_20' title="bbox 375 1422 2010 1464; baseline -0.001 -9"><span class='ocrx_word' id='word_1_214' title='bbox 375 1425 472 1455; x_wconf 89' lang='lat' dir='ltr'>Haec</span> <span class='ocrx_word' id='word_1_215' title='bbox 495 1425 600 1464; x_wconf 89' lang='lat' dir='ltr'>igitur</span> <span class='ocrx_word' id='word_1_216' title='bbox 630 1425 740 1454; x_wconf 87' lang='lat' dir='ltr'>bonus</span> <span class='ocrx_word' id='word_1_217' title='bbox 772 1424 973 1462; x_wconf 80' lang='lat' dir='ltr'>Pausanias,</span> <span class='ocrx_word' id='word_1_218' title='bbox 1008 1422 1210 1452; x_wconf 87' lang='lat' dir='ltr'>mirantibus</span> <span class='ocrx_word' id='word_1_219' title='bbox 1246 1432 1329 1452; x_wconf 86' lang='lat' dir='ltr'>sane</span> <span class='ocrx_word' id='word_1_220' title='bbox 1363 1428 1397 1453; x_wconf 90' lang='lat' dir='ltr'>et</span> <span class='ocrx_word' id='word_1_221' title='bbox 1431 1423 1546 1462; x_wconf 87' lang='lat' dir='ltr'>capita</span> <span class='ocrx_word' id='word_1_222' title='bbox 1579 1422 1822 1461; x_wconf 81' lang='lat' dir='ltr'>quassantibus</span> <span class='ocrx_word' id='word_1_223' title='bbox 1857 1422 2010 1453; x_wconf 82' lang='lat' dir='ltr'>eruditis.</span> 
     </span>
     <span class='ocr_line' id='line_1_21' title="bbox 228 1477 2009 1518; baseline -0.002 -9"><span class='ocrx_word' id='word_1_224' title='bbox 228 1480 315 1509; x_wconf 80' lang='lat' dir='ltr'>Nam</span> <span class='ocrx_word' id='word_1_225' title='bbox 340 1489 416 1509; x_wconf 90' lang='lat' dir='ltr'>eum</span> <span class='ocrx_word' id='word_1_226' title='bbox 440 1479 473 1509; x_wconf 88' lang='lat' dir='ltr'>in</span> <span class='ocrx_word' id='word_1_227' title='bbox 496 1480 598 1509; x_wconf 82' lang='lat' dir='ltr'>rebus</span> <span class='ocrx_word' id='word_1_228' title='bbox 631 1478 740 1518; x_wconf 86' lang='lat' dir='ltr'>gestis</span> <span class='ocrx_word' id='word_1_229' title='bbox 764 1477 908 1508; x_wconf 82' lang='lat' dir='ltr'>Gelonis</span> <span class='ocrx_word' id='word_1_230' title='bbox 943 1478 986 1507; x_wconf 89' lang='lat' dir='ltr'>ad</span> <span class='ocrx_word' id='word_1_231' title='bbox 1018 1482 1212 1515; x_wconf 89' lang='lat' dir='ltr'>temporum</span> <span class='ocrx_word' id='word_1_232' title='bbox 1247 1477 1397 1507; x_wconf 85' lang='lat' dir='ltr'>calculos</span> <span class='ocrx_word' id='word_1_233' title='bbox 1423 1477 1630 1507; x_wconf 89' lang='lat' dir='ltr'>revocandis</span> <span class='ocrx_word' id='word_1_234' title='bbox 1663 1477 1695 1506; x_wconf 88' lang='lat' dir='ltr'>in</span> <span class='ocrx_word' id='word_1_235' title='bbox 1728 1486 1856 1516; x_wconf 88' lang='lat' dir='ltr'>magno</span> <span class='ocrx_word' id='word_1_236' title='bbox 1891 1486 2009 1507; x_wconf 89' lang='lat' dir='ltr'>errore</span> 
     </span>
     <span class='ocr_line' id='line_1_22' title="bbox 227 1530 2009 1573; baseline -0.002 -10"><span class='ocrx_word' id='word_1_237' title='bbox 227 1534 368 1567; x_wconf 71' lang='lat' dir='ltr'>versari,</span> <span class='ocrx_word' id='word_1_238' title='bbox 397 1533 587 1573; x_wconf 87' lang='lat' dir='ltr'>unicuique,</span> <span class='ocrx_word' id='word_1_239' title='bbox 616 1534 675 1572; x_wconf 91' lang='lat' dir='ltr'>qui</span> <span class='ocrx_word' id='word_1_240' title='bbox 698 1533 916 1572; x_wconf 89' lang='lat' dir='ltr'>primoribus,</span> <span class='ocrx_word' id='word_1_241' title='bbox 942 1533 1034 1572; x_wconf 91' lang='lat' dir='ltr'>quod</span> <span class='ocrx_word' id='word_1_242' title='bbox 1059 1531 1162 1571; x_wconf 88' lang='lat' dir='ltr'>aiunt,</span> <span class='ocrx_word' id='word_1_243' title='bbox 1192 1532 1298 1561; x_wconf 89' lang='lat' dir='ltr'>labris</span> <span class='ocrx_word' id='word_1_244' title='bbox 1321 1532 1408 1561; x_wconf 86' lang='lat' dir='ltr'>haec</span> <span class='ocrx_word' id='word_1_245' title='bbox 1435 1531 1548 1561; x_wconf 89' lang='lat' dir='ltr'>studia</span> <span class='ocrx_word' id='word_1_246' title='bbox 1571 1531 1774 1570; x_wconf 75' lang='lat' dir='ltr'>gustaverit,</span> <span class='ocrx_word' id='word_1_247' title='bbox 1803 1530 1902 1561; x_wconf 88' lang='lat' dir='ltr'>facile</span> <span class='ocrx_word' id='word_1_248' title='bbox 1931 1541 2009 1561; x_wconf 85' lang='lat' dir='ltr'>eon-</span> 
     </span>
     <span class='ocr_line' id='line_1_23' title="bbox 229 1585 2011 1626; baseline -0.002 -8"><span class='ocrx_word' id='word_1_249' title='bbox 229 1588 342 1618; x_wconf 87' lang='lat' dir='ltr'>stabit.</span> <span class='ocrx_word' id='word_1_250' title='bbox 388 1586 475 1617; x_wconf 85' lang='lat' dir='ltr'>Gelo</span> <span class='ocrx_word' id='word_1_251' title='bbox 500 1588 587 1617; x_wconf 87' lang='lat' dir='ltr'>enim</span> <span class='ocrx_word' id='word_1_252' title='bbox 611 1588 655 1617; x_wconf 88' lang='lat' dir='ltr'>ad</span> <span class='ocrx_word' id='word_1_253' title='bbox 671 1586 921 1626; x_wconf 82' lang='lat' dir='ltr'>Syracusarum</span> <span class='ocrx_word' id='word_1_254' title='bbox 945 1586 1212 1617; x_wconf 85' lang='lat' dir='ltr'>dominationem</span> <span class='ocrx_word' id='word_1_255' title='bbox 1228 1595 1306 1619; x_wconf 78' lang='lat' dir='ltr'>non,</span> <span class='ocrx_word' id='word_1_256' title='bbox 1331 1585 1622 1624; x_wconf 87' lang='lat' dir='ltr'>quemadmodum</span> <span class='ocrx_word' id='word_1_257' title='bbox 1639 1585 1798 1624; x_wconf 87' lang='lat' dir='ltr'>opinatur</span> <span class='ocrx_word' id='word_1_258' title='bbox 1811 1585 2011 1619; x_wconf 86' lang='lat' dir='ltr'>Pausanias,</span> 
     </span>
     <span class='ocr_line' id='line_1_24' title="bbox 227 1639 2008 1680; baseline -0.002 -8"><span class='ocrx_word' id='word_1_259' title='bbox 227 1651 315 1672; x_wconf 85' lang='lat' dir='ltr'>anno</span> <span class='ocrx_word' id='word_1_260' title='bbox 336 1642 403 1671; x_wconf 88' lang='lat' dir='ltr'>iarn</span> <span class='ocrx_word' id='word_1_261' title='bbox 427 1642 470 1672; x_wconf 93' lang='lat' dir='ltr'>ol.</span> <span class='ocrx_word' id='word_1_262' title='bbox 494 1642 543 1676; x_wconf 77' lang='lat'>72,</span> <span class='ocrx_word' id='word_1_263' title='bbox 567 1643 585 1671; x_wconf 76' lang='lat'>2</span> <span class='ocrx_word' id='word_1_264' title='bbox 609 1642 660 1680; x_wconf 90' lang='lat'>(=</span> <span class='ocrx_word' id='word_1_265' title='bbox 678 1641 762 1680; x_wconf 77' lang='lat'>491),</span> <span class='ocrx_word' id='word_1_266' title='bbox 788 1642 849 1671; x_wconf 86' lang='lat' dir='ltr'>sed</span> <span class='ocrx_word' id='word_1_267' title='bbox 871 1652 960 1671; x_wconf 91' lang='lat' dir='ltr'>anno</span> <span class='ocrx_word' id='word_1_268' title='bbox 984 1642 1121 1671; x_wconf 89' lang='lat' dir='ltr'>demum</span> <span class='ocrx_word' id='word_1_269' title='bbox 1144 1641 1185 1670; x_wconf 91' lang='lat' dir='ltr'>ol.</span> <span class='ocrx_word' id='word_1_270' title='bbox 1210 1640 1258 1673; x_wconf 83' lang='lat'>73,</span> <span class='ocrx_word' id='word_1_271' title='bbox 1282 1640 1301 1670; x_wconf 82' lang='lat'>4</span> <span class='ocrx_word' id='word_1_272' title='bbox 1326 1640 1376 1677; x_wconf 85' lang='lat'>(=</span> <span class='ocrx_word' id='word_1_273' title='bbox 1390 1640 1464 1674; x_wconf 74' lang='lat'>485)</span> <span class='ocrx_word' id='word_1_274' title='bbox 1489 1639 1645 1673; x_wconf 84' lang='lat' dir='ltr'>accessit,</span> <span class='ocrx_word' id='word_1_275' title='bbox 1673 1639 1767 1678; x_wconf 89' lang='lat' dir='ltr'>quod</span> <span class='ocrx_word' id='word_1_276' title='bbox 1791 1645 1937 1678; x_wconf 88' lang='lat' dir='ltr'>apparet</span> <span class='ocrx_word' id='word_1_277' title='bbox 1965 1649 2008 1669; x_wconf 80' lang='lat' dir='ltr'>ex</span> 
     </span>
     <span class='ocr_line' id='line_1_25' title="bbox 226 1693 2009 1733; baseline -0.002 -8"><span class='ocrx_word' id='word_1_278' title='bbox 226 1695 372 1725; x_wconf 91' lang='lat' dir='ltr'>Diodori</span> <span class='ocrx_word' id='word_1_279' title='bbox 395 1695 543 1731; x_wconf 80' lang='lat' dir='ltr'>calculis,</span> <span class='ocrx_word' id='word_1_280' title='bbox 572 1695 674 1725; x_wconf 90' lang='lat' dir='ltr'>Diod.</span> <span class='ocrx_word' id='word_1_281' title='bbox 699 1695 764 1730; x_wconf 88' lang='lat' dir='ltr'>XI,</span> <span class='ocrx_word' id='word_1_282' title='bbox 782 1696 835 1726; x_wconf 77' lang='lat'>38:</span> <span class='ocrx_word' id='word_1_283' title='bbox 861 1696 964 1726; x_wconf 87' lang='grc' dir='ltr'>Γέλων</span> <span class='ocrx_word' id='word_1_284' title='bbox 989 1697 1045 1733; x_wconf 80' lang='grc' dir='ltr'>μὲν</span> <span class='ocrx_word' id='word_1_285' title='bbox 1070 1694 1128 1726; x_wconf 79' lang='grc' dir='ltr'>οὖν</span> <span class='ocrx_word' id='word_1_286' title='bbox 1151 1695 1288 1731; x_wconf 85' lang='grc' dir='ltr'>ἑπταετῆ</span> <span class='ocrx_word' id='word_1_287' title='bbox 1312 1694 1431 1731; x_wconf 89' lang='grc' dir='ltr'>χρόνον</span> <span class='ocrx_word' id='word_1_288' title='bbox 1448 1694 1671 1732; x_wconf 81' lang='grc' dir='ltr'>ἑβασίλευσεν“</span> <span class='ocrx_word' id='word_1_289' title='bbox 1694 1693 1812 1732; x_wconf 88' lang='lat' dir='ltr'>itaque</span> <span class='ocrx_word' id='word_1_290' title='bbox 1829 1703 1903 1723; x_wconf 86' lang='lat' dir='ltr'>cum</span> <span class='ocrx_word' id='word_1_291' title='bbox 1921 1703 2009 1723; x_wconf 86' lang='lat' dir='ltr'>anno</span> 
     </span>
     <span class='ocr_line' id='line_1_26' title="bbox 228 1746 2012 1789; baseline -0.002 -9"><span class='ocrx_word' id='word_1_292' title='bbox 228 1750 288 1780; x_wconf 76' lang='lat'>478</span> <span class='ocrx_word' id='word_1_293' title='bbox 311 1750 507 1785; x_wconf 76' lang='lat' dir='ltr'>decesserit,</span> <span class='ocrx_word' id='word_1_294' title='bbox 526 1759 634 1788; x_wconf 85' lang='lat' dir='ltr'>regno</span> <span class='ocrx_word' id='word_1_295' title='bbox 657 1759 733 1779; x_wconf 89' lang='lat' dir='ltr'>eum</span> <span class='ocrx_word' id='word_1_296' title='bbox 751 1749 1002 1789; x_wconf 84' lang='lat' dir='ltr'>Syracusarum</span> <span class='ocrx_word' id='word_1_297' title='bbox 1026 1759 1114 1779; x_wconf 91' lang='lat' dir='ltr'>anno</span> <span class='ocrx_word' id='word_1_298' title='bbox 1138 1749 1197 1779; x_wconf 79' lang='lat'>485</span> <span class='ocrx_word' id='word_1_299' title='bbox 1222 1748 1369 1787; x_wconf 89' lang='lat' dir='ltr'>potitum</span> <span class='ocrx_word' id='word_1_300' title='bbox 1391 1757 1478 1785; x_wconf 84' lang='lat' dir='ltr'>esse,</span> <span class='ocrx_word' id='word_1_301' title='bbox 1501 1747 1697 1777; x_wconf 87' lang='lat' dir='ltr'>necessario</span> <span class='ocrx_word' id='word_1_302' title='bbox 1714 1747 1896 1786; x_wconf 83' lang='lat' dir='ltr'>colligitur.</span> <span class='ocrx_word' id='word_1_303' title='bbox 1921 1746 2012 1785; x_wconf 75' lang='lat' dir='ltr'>Quo-</span> 
     </span>
     <span class='ocr_line' id='line_1_27' title="bbox 225 1801 2009 1843; baseline 0.001 -11"><span class='ocrx_word' id='word_1_304' title='bbox 225 1813 302 1833; x_wconf 90' lang='lat' dir='ltr'>cum</span> <span class='ocrx_word' id='word_1_305' title='bbox 324 1803 491 1833; x_wconf 87' lang='lat' dir='ltr'>consentit</span> <span class='ocrx_word' id='word_1_306' title='bbox 507 1803 716 1832; x_wconf 89' lang='lat' dir='ltr'>Aristoteles</span> <span class='ocrx_word' id='word_1_307' title='bbox 741 1803 809 1833; x_wconf 89' lang='lat' dir='ltr'>Pol.</span> <span class='ocrx_word' id='word_1_308' title='bbox 824 1803 865 1838; x_wconf 80' lang='lat' dir='ltr'>V,</span> <span class='ocrx_word' id='word_1_309' title='bbox 882 1804 919 1833; x_wconf 79' lang='lat'>12</span> <span class='ocrx_word' id='word_1_310' title='bbox 942 1814 974 1842; x_wconf 90' lang='lat' dir='ltr'>p.</span> <span class='ocrx_word' id='word_1_311' title='bbox 994 1804 1082 1842; x_wconf 76' lang='lat'>1315,</span> <span class='ocrx_word' id='word_1_312' title='bbox 1105 1804 1137 1837; x_wconf 87' lang='lat' dir='ltr'>b,</span> <span class='ocrx_word' id='word_1_313' title='bbox 1162 1804 1218 1833; x_wconf 75' lang='lat'>36:</span> <span class='ocrx_word' id='word_1_314' title='bbox 1243 1803 1346 1833; x_wconf 88' lang='grc' dir='ltr'>Γέλων</span> <span class='ocrx_word' id='word_1_315' title='bbox 1369 1803 1424 1840; x_wconf 79' lang='grc' dir='ltr'>μὲν</span> <span class='ocrx_word' id='word_1_316' title='bbox 1440 1802 1500 1839; x_wconf 86' lang='grc' dir='ltr'>γὰρ</span> <span class='ocrx_word' id='word_1_317' title='bbox 1517 1801 1595 1832; x_wconf 84' lang='grc' dir='ltr'>ἑπτὰ</span> <span class='ocrx_word' id='word_1_318' title='bbox 1619 1802 1701 1839; x_wconf 82' lang='grc' dir='ltr'>(ἔτη)</span> <span class='ocrx_word' id='word_1_319' title='bbox 1718 1803 1940 1840; x_wconf 83' lang='grc' dir='ltr'>τυραννεύσας</span> <span class='ocrx_word' id='word_1_320' title='bbox 1964 1806 2009 1843; x_wconf 79' lang='grc' dir='ltr'>τῷ</span> 
     </span>
     <span class='ocr_line' id='line_1_28' title="bbox 222 1856 2010 1897; baseline -0.001 -9"><span class='ocrx_word' id='word_1_321' title='bbox 222 1857 330 1897; x_wconf 81' lang='grc' dir='ltr'>ὀγδόῳ</span> <span class='ocrx_word' id='word_1_322' title='bbox 353 1857 409 1887; x_wconf 87' lang='grc' dir='ltr'>τὸν</span> <span class='ocrx_word' id='word_1_323' title='bbox 434 1858 502 1895; x_wconf 86' lang='grc' dir='ltr'>βίον</span> <span class='ocrx_word' id='word_1_324' title='bbox 525 1858 744 1895; x_wconf 83' lang='grc' dir='ltr'>ἐτελεύτησεν.</span> <span class='ocrx_word' id='word_1_325' title='bbox 788 1857 873 1887; x_wconf 89' lang='lat' dir='ltr'>Inde</span> <span class='ocrx_word' id='word_1_326' title='bbox 896 1857 1081 1887; x_wconf 87' lang='lat' dir='ltr'>manifesto</span> <span class='ocrx_word' id='word_1_327' title='bbox 1106 1858 1261 1896; x_wconf 85' lang='lat' dir='ltr'>adparet,</span> <span class='ocrx_word' id='word_1_328' title='bbox 1285 1856 1342 1886; x_wconf 89' lang='lat' dir='ltr'>illo</span> <span class='ocrx_word' id='word_1_329' title='bbox 1366 1866 1465 1890; x_wconf 82' lang='lat' dir='ltr'>ann0‚</span> <span class='ocrx_word' id='word_1_330' title='bbox 1489 1866 1557 1895; x_wconf 90' lang='lat' dir='ltr'>quo</span> <span class='ocrx_word' id='word_1_331' title='bbox 1581 1856 1725 1886; x_wconf 84' lang='lat' dir='ltr'>victoria</span> <span class='ocrx_word' id='word_1_332' title='bbox 1749 1856 1873 1886; x_wconf 89' lang='lat' dir='ltr'>curulis</span> <span class='ocrx_word' id='word_1_333' title='bbox 1891 1856 2010 1896; x_wconf 91' lang='lat' dir='ltr'>Olym-</span> 
     </span>
     <span class='ocr_line' id='line_1_29' title="bbox 224 1910 2009 1950; baseline 0.001 -10"><span class='ocrx_word' id='word_1_334' title='bbox 224 1911 310 1950; x_wconf 83' lang='lat' dir='ltr'>pica,</span> <span class='ocrx_word' id='word_1_335' title='bbox 335 1910 428 1940; x_wconf 91' lang='lat' dir='ltr'>cuius</span> <span class='ocrx_word' id='word_1_336' title='bbox 449 1916 707 1940; x_wconf 88' lang='lat' dir='ltr'>monumentum</span> <span class='ocrx_word' id='word_1_337' title='bbox 732 1911 814 1940; x_wconf 92' lang='lat' dir='ltr'>vidit</span> <span class='ocrx_word' id='word_1_338' title='bbox 838 1910 1030 1940; x_wconf 84' lang='lat' dir='ltr'>Pausanias</span> <span class='ocrx_word' id='word_1_339' title='bbox 1054 1911 1112 1949; x_wconf 84' lang='lat' dir='ltr'>VI,</span> <span class='ocrx_word' id='word_1_340' title='bbox 1136 1912 1164 1946; x_wconf 83' lang='lat'>9,</span> <span class='ocrx_word' id='word_1_341' title='bbox 1188 1912 1216 1947; x_wconf 70' lang='lat'>4,</span> <span class='ocrx_word' id='word_1_342' title='bbox 1242 1916 1422 1950; x_wconf 88' lang='lat' dir='ltr'>reportata</span> <span class='ocrx_word' id='word_1_343' title='bbox 1445 1916 1507 1950; x_wconf 92' lang='lat' dir='ltr'>est,</span> <span class='ocrx_word' id='word_1_344' title='bbox 1532 1911 1550 1941; x_wconf 87' lang='lat' dir='ltr'>i.</span> <span class='ocrx_word' id='word_1_345' title='bbox 1575 1921 1601 1941; x_wconf 91' lang='lat' dir='ltr'>e.</span> <span class='ocrx_word' id='word_1_346' title='bbox 1626 1911 1668 1941; x_wconf 91' lang='lat' dir='ltr'>ol.</span> <span class='ocrx_word' id='word_1_347' title='bbox 1694 1911 1732 1941; x_wconf 81' lang='lat'>73</span> <span class='ocrx_word' id='word_1_348' title='bbox 1756 1916 1808 1946; x_wconf 86' lang='lat'>(=</span> <span class='ocrx_word' id='word_1_349' title='bbox 1825 1911 1909 1949; x_wconf 81' lang='grc'>488),</span> <span class='ocrx_word' id='word_1_350' title='bbox 1941 1910 2009 1941; x_wconf 88' lang='lat' dir='ltr'>Ge-</span> 
     </span>
     <span class='ocr_line' id='line_1_30' title="bbox 224 1963 2008 2005; baseline -0.001 -11"><span class='ocrx_word' id='word_1_351' title='bbox 224 1965 336 1994; x_wconf 91' lang='lat' dir='ltr'>lonem</span> <span class='ocrx_word' id='word_1_352' title='bbox 361 1964 546 1994; x_wconf 84' lang='lat' dir='ltr'>etiamtunc</span> <span class='ocrx_word' id='word_1_353' title='bbox 570 1963 764 2005; x_wconf 85' lang='lat' dir='ltr'>Gelensem,</span> <span class='ocrx_word' id='word_1_354' title='bbox 789 1966 935 1995; x_wconf 82' lang='lat' dir='ltr'>necdum</span> <span class='ocrx_word' id='word_1_355' title='bbox 960 1963 1181 2004; x_wconf 85' lang='lat' dir='ltr'>Syracusium</span> <span class='ocrx_word' id='word_1_356' title='bbox 1211 1964 1330 1999; x_wconf 85' lang='lat' dir='ltr'>fuisse;</span> <span class='ocrx_word' id='word_1_357' title='bbox 1365 1965 1582 2004; x_wconf 87' lang='lat' dir='ltr'>epigramma</span> <span class='ocrx_word' id='word_1_358' title='bbox 1611 1964 1717 2003; x_wconf 85' lang='lat' dir='ltr'>igitur</span> <span class='ocrx_word' id='word_1_359' title='bbox 1748 1964 1840 1999; x_wconf 83' lang='lat' dir='ltr'>illud,</span> <span class='ocrx_word' id='word_1_360' title='bbox 1872 1965 1905 1993; x_wconf 88' lang='lat' dir='ltr'>in</span> <span class='ocrx_word' id='word_1_361' title='bbox 1939 1974 2008 2004; x_wconf 91' lang='lat' dir='ltr'>quo</span> 
     </span>
     <span class='ocr_line' id='line_1_31' title="bbox 224 2017 2008 2058; baseline 0.001 -11"><span class='ocrx_word' id='word_1_362' title='bbox 224 2023 406 2057; x_wconf 88' lang='lat' dir='ltr'>tantopere</span> <span class='ocrx_word' id='word_1_363' title='bbox 430 2017 575 2047; x_wconf 85' lang='lat' dir='ltr'>offendit</span> <span class='ocrx_word' id='word_1_364' title='bbox 597 2018 796 2058; x_wconf 86' lang='lat' dir='ltr'>Pausanias,</span> <span class='ocrx_word' id='word_1_365' title='bbox 829 2020 932 2058; x_wconf 88' lang='lat' dir='ltr'>plane</span> <span class='ocrx_word' id='word_1_366' title='bbox 966 2023 1059 2048; x_wconf 86' lang='lat' dir='ltr'>recte</span> <span class='ocrx_word' id='word_1_367' title='bbox 1095 2029 1131 2048; x_wconf 86' lang='lat' dir='ltr'>se</span> <span class='ocrx_word' id='word_1_368' title='bbox 1154 2020 1292 2049; x_wconf 84' lang='lat' dir='ltr'>habere.</span> <span class='ocrx_word' id='word_1_369' title='bbox 1338 2018 1485 2049; x_wconf 89' lang='lat' dir='ltr'>Accedit</span> <span class='ocrx_word' id='word_1_370' title='bbox 1520 2019 1613 2057; x_wconf 90' lang='lat' dir='ltr'>quod</span> <span class='ocrx_word' id='word_1_371' title='bbox 1642 2024 1831 2058; x_wconf 87' lang='lat' dir='ltr'>praeeunte</span> <span class='ocrx_word' id='word_1_372' title='bbox 1855 2018 2008 2058; x_wconf 84' lang='lat' dir='ltr'>Georgio</span> 
     </span>
     <span class='ocr_line' id='line_1_32' title="bbox 224 2071 2008 2112; baseline 0.001 -11"><span class='ocrx_word' id='word_1_373' title='bbox 224 2071 347 2102; x_wconf 85' lang='lat' dir='ltr'>Grote:</span> <span class='ocrx_word' id='word_1_374' title='bbox 382 2072 469 2103; x_wconf 86' lang='lat' dir='ltr'>Hist.</span> <span class='ocrx_word' id='word_1_375' title='bbox 494 2071 616 2103; x_wconf 78' lang='lat' dir='ltr'>Graec.</span> <span class='ocrx_word' id='word_1_376' title='bbox 641 2073 691 2102; x_wconf 85' lang='lat' dir='ltr'>HI</span> <span class='ocrx_word' id='word_1_377' title='bbox 720 2073 880 2111; x_wconf 89' lang='lat' dir='ltr'>(version.</span> <span class='ocrx_word' id='word_1_378' title='bbox 913 2072 1027 2103; x_wconf 88' lang='lat' dir='ltr'>Germ.</span> <span class='ocrx_word' id='word_1_379' title='bbox 1060 2073 1152 2112; x_wconf 79' lang='lat' dir='ltr'>LipS.</span> <span class='ocrx_word' id='word_1_380' title='bbox 1180 2073 1271 2107; x_wconf 78' lang='lat'>1853)</span> <span class='ocrx_word' id='word_1_381' title='bbox 1295 2083 1327 2112; x_wconf 91' lang='lat' dir='ltr'>p.</span> <span class='ocrx_word' id='word_1_382' title='bbox 1354 2073 1422 2110; x_wconf 75' lang='lat'>167,</span> <span class='ocrx_word' id='word_1_383' title='bbox 1456 2078 1525 2102; x_wconf 87' lang='lat' dir='ltr'>not.</span> <span class='ocrx_word' id='word_1_384' title='bbox 1554 2074 1589 2103; x_wconf 83' lang='lat'>15</span> <span class='ocrx_word' id='word_1_385' title='bbox 1624 2073 1825 2103; x_wconf 88' lang='lat' dir='ltr'>rectissume</span> <span class='ocrx_word' id='word_1_386' title='bbox 1849 2072 2008 2102; x_wconf 89' lang='lat' dir='ltr'>Holmius</span> 
     </span>
     <span class='ocr_line' id='line_1_33' title="bbox 225 2124 2006 2166; baseline 0.001 -11"><span class='ocrx_word' id='word_1_387' title='bbox 225 2124 349 2155; x_wconf 84' lang='lat' dir='ltr'>Gesch.</span> <span class='ocrx_word' id='word_1_388' title='bbox 374 2125 465 2156; x_wconf 91' lang='lat' dir='ltr'>Sicil.</span> <span class='ocrx_word' id='word_1_389' title='bbox 488 2126 513 2165; x_wconf 94' lang='lat' dir='ltr'>I,</span> <span class='ocrx_word' id='word_1_390' title='bbox 536 2127 597 2156; x_wconf 81' lang='lat'>413</span> <span class='ocrx_word' id='word_1_391' title='bbox 620 2127 685 2156; x_wconf 90' lang='lat' dir='ltr'>hoc</span> <span class='ocrx_word' id='word_1_392' title='bbox 709 2136 846 2165; x_wconf 86' lang='lat' dir='ltr'>quoque</span> <span class='ocrx_word' id='word_1_393' title='bbox 869 2126 1059 2166; x_wconf 75' lang='lat' dir='ltr'>perspexit,</span> <span class='ocrx_word' id='word_1_394' title='bbox 1094 2136 1184 2165; x_wconf 90' lang='lat' dir='ltr'>quae</span> <span class='ocrx_word' id='word_1_395' title='bbox 1216 2127 1354 2156; x_wconf 89' lang='lat' dir='ltr'>tandem</span> <span class='ocrx_word' id='word_1_396' title='bbox 1388 2136 1443 2157; x_wconf 89' lang='lat' dir='ltr'>res</span> <span class='ocrx_word' id='word_1_397' title='bbox 1477 2127 1509 2156; x_wconf 92' lang='lat' dir='ltr'>in</span> <span class='ocrx_word' id='word_1_398' title='bbox 1541 2136 1693 2157; x_wconf 88' lang='lat' dir='ltr'>errorem</span> <span class='ocrx_word' id='word_1_399' title='bbox 1716 2126 1923 2156; x_wconf 88' lang='lat' dir='ltr'>Pausaniam</span> <span class='ocrx_word' id='word_1_400' title='bbox 1948 2127 2006 2156; x_wconf 86' lang='lat' dir='ltr'>ad-</span> 
     </span>
     <span class='ocr_line' id='line_1_34' title="bbox 225 2179 2007 2220; baseline 0.001 -12"><span class='ocrx_word' id='word_1_401' title='bbox 225 2179 370 2209; x_wconf 80' lang='lat' dir='ltr'>duxerit.</span> <span class='ocrx_word' id='word_1_402' title='bbox 416 2179 606 2209; x_wconf 84' lang='lat' dir='ltr'>Pausanias</span> <span class='ocrx_word' id='word_1_403' title='bbox 630 2179 743 2210; x_wconf 87' lang='lat' dir='ltr'>fontes</span> <span class='ocrx_word' id='word_1_404' title='bbox 767 2190 847 2210; x_wconf 83' lang='lat' dir='ltr'>suos</span> <span class='ocrx_word' id='word_1_405' title='bbox 870 2181 987 2220; x_wconf 88' lang='lat' dir='ltr'>paullo</span> <span class='ocrx_word' id='word_1_406' title='bbox 1011 2181 1237 2217; x_wconf 83' lang='lat' dir='ltr'>festinantius,</span> <span class='ocrx_word' id='word_1_407' title='bbox 1267 2187 1304 2211; x_wconf 89' lang='lat' dir='ltr'>ut</span> <span class='ocrx_word' id='word_1_408' title='bbox 1327 2181 1472 2215; x_wconf 76' lang='lat' dir='ltr'>videtur,</span> <span class='ocrx_word' id='word_1_409' title='bbox 1505 2181 1613 2211; x_wconf 91' lang='lat' dir='ltr'>oculis</span> <span class='ocrx_word' id='word_1_410' title='bbox 1636 2181 1859 2220; x_wconf 77' lang='lat' dir='ltr'>perlustra11S‚</span> <span class='ocrx_word' id='word_1_411' title='bbox 1891 2181 2007 2210; x_wconf 88' lang='lat' dir='ltr'>initam</span> 
     </span>
     <span class='ocr_line' id='line_1_35' title="bbox 225 2232 2008 2274; baseline 0.001 -11"><span class='ocrx_word' id='word_1_412' title='bbox 225 2244 246 2263; x_wconf 88' lang='lat' dir='ltr'>a</span> <span class='ocrx_word' id='word_1_413' title='bbox 269 2232 402 2264; x_wconf 85' lang='lat' dir='ltr'>Gelone</span> <span class='ocrx_word' id='word_1_414' title='bbox 425 2234 517 2272; x_wconf 87' lang='lat' dir='ltr'>apud</span> <span class='ocrx_word' id='word_1_415' title='bbox 534 2233 701 2264; x_wconf 77' lang='lat' dir='ltr'>Gelenses</span> <span class='ocrx_word' id='word_1_416' title='bbox 726 2234 758 2264; x_wconf 91' lang='lat' dir='ltr'>in</span> <span class='ocrx_word' id='word_1_417' title='bbox 782 2236 866 2265; x_wconf 87' lang='lat' dir='ltr'>urbe</span> <span class='ocrx_word' id='word_1_418' title='bbox 890 2235 1002 2274; x_wconf 85' lang='lat' dir='ltr'>patria</span> <span class='ocrx_word' id='word_1_419' title='bbox 1027 2236 1293 2266; x_wconf 88' lang='lat' dir='ltr'>dominationem</span> <span class='ocrx_word' id='word_1_420' title='bbox 1317 2235 1471 2265; x_wconf 87' lang='lat' dir='ltr'>confudit</span> <span class='ocrx_word' id='word_1_421' title='bbox 1495 2245 1571 2264; x_wconf 91' lang='lat' dir='ltr'>cum</span> <span class='ocrx_word' id='word_1_422' title='bbox 1594 2235 1771 2274; x_wconf 88' lang='lat' dir='ltr'>auspicata</span> <span class='ocrx_word' id='word_1_423' title='bbox 1793 2245 1857 2265; x_wconf 75' lang='lat' dir='ltr'>sex</span> <span class='ocrx_word' id='word_1_424' title='bbox 1873 2236 2008 2265; x_wconf 90' lang='lat' dir='ltr'>demum</span> 
     </span>
     <span class='ocr_line' id='line_1_36' title="bbox 225 2287 2005 2329; baseline 0.002 -14"><span class='ocrx_word' id='word_1_425' title='bbox 225 2287 321 2316; x_wconf 76' lang='lat' dir='ltr'>annis</span> <span class='ocrx_word' id='word_1_426' title='bbox 345 2293 424 2326; x_wconf 86' lang='lat' dir='ltr'>post</span> <span class='ocrx_word' id='word_1_427' title='bbox 448 2288 539 2325; x_wconf 88' lang='lat' dir='ltr'>apud</span> <span class='ocrx_word' id='word_1_428' title='bbox 554 2287 792 2326; x_wconf 87' lang='lat' dir='ltr'>Syracusanos</span> <span class='ocrx_word' id='word_1_429' title='bbox 815 2289 1006 2328; x_wconf 83' lang='lat' dir='ltr'>tyrannide.</span> <span class='ocrx_word' id='word_1_430' title='bbox 1046 2289 1158 2320; x_wconf 88' lang='lat' dir='ltr'>Gelon</span> <span class='ocrx_word' id='word_1_431' title='bbox 1175 2290 1349 2329; x_wconf 89' lang='lat' dir='ltr'>quomodo</span> <span class='ocrx_word' id='word_1_432' title='bbox 1373 2296 1453 2329; x_wconf 92' lang='lat' dir='ltr'>post</span> <span class='ocrx_word' id='word_1_433' title='bbox 1466 2289 1691 2328; x_wconf 88' lang='lat' dir='ltr'>Hippocratis</span> <span class='ocrx_word' id='word_1_434' title='bbox 1707 2289 1842 2328; x_wconf 88' lang='lat' dir='ltr'>tyranni</span> <span class='ocrx_word' id='word_1_435' title='bbox 1859 2294 2005 2319; x_wconf 88' lang='lat' dir='ltr'>mortem</span> 
     </span>
     <span class='ocr_line' id='line_1_37' title="bbox 222 2340 2008 2382; baseline 0.002 -13"><span class='ocrx_word' id='word_1_436' title='bbox 222 2342 315 2380; x_wconf 89' lang='lat' dir='ltr'>apud</span> <span class='ocrx_word' id='word_1_437' title='bbox 339 2340 506 2371; x_wconf 79' lang='lat' dir='ltr'>Gelenses</span> <span class='ocrx_word' id='word_1_438' title='bbox 529 2351 673 2380; x_wconf 87' lang='lat' dir='ltr'>regnum</span> <span class='ocrx_word' id='word_1_439' title='bbox 699 2342 895 2381; x_wconf 88' lang='lat' dir='ltr'>obtinuerit,</span> <span class='ocrx_word' id='word_1_440' title='bbox 921 2343 1051 2382; x_wconf 86' lang='lat' dir='ltr'>optime</span> <span class='ocrx_word' id='word_1_441' title='bbox 1075 2343 1276 2374; x_wconf 90' lang='lat' dir='ltr'>Herodotus</span> <span class='ocrx_word' id='word_1_442' title='bbox 1301 2349 1439 2374; x_wconf 88' lang='lat' dir='ltr'>enarrat</span> <span class='ocrx_word' id='word_1_443' title='bbox 1462 2344 1537 2379; x_wconf 92' lang='lat' dir='ltr'>VII,</span> <span class='ocrx_word' id='word_1_444' title='bbox 1559 2344 1630 2374; x_wconf 80' lang='lat'>155:</span> <span class='ocrx_word' id='word_1_445' title='bbox 1654 2344 1800 2382; x_wconf 89' lang='lat' dir='ltr'>primum</span> <span class='ocrx_word' id='word_1_446' title='bbox 1824 2353 1900 2373; x_wconf 88' lang='lat' dir='ltr'>eum</span> <span class='ocrx_word' id='word_1_447' title='bbox 1922 2342 2008 2373; x_wconf 91' lang='lat' dir='ltr'>filio-</span> 
     </span>
    </p>
   </div>
   <div class='ocr_carea' id='block_1_5' title="bbox 225 2395 2007 2476">
    <p class='ocr_par' dir='ltr' id='par_1_5' title="bbox 225 2395 2007 2476">
     <span class='ocr_line' id='line_1_38' title="bbox 225 2395 2007 2437; baseline 0.002 -14"><span class='ocrx_word' id='word_1_448' title='bbox 225 2405 298 2424; x_wconf 88' lang='lat' dir='ltr'>rum</span> <span class='ocrx_word' id='word_1_449' title='bbox 323 2395 554 2434; x_wconf 71' lang='lat' dir='ltr'>Hippocratis,</span> <span class='ocrx_word' id='word_1_450' title='bbox 580 2396 743 2426; x_wconf 87' lang='lat' dir='ltr'>Euclidae</span> <span class='ocrx_word' id='word_1_451' title='bbox 766 2401 800 2426; x_wconf 89' lang='lat' dir='ltr'>et</span> <span class='ocrx_word' id='word_1_452' title='bbox 825 2396 995 2433; x_wconf 84' lang='lat' dir='ltr'>Cleandri,</span> <span class='ocrx_word' id='word_1_453' title='bbox 1030 2398 1237 2437; x_wconf 89' lang='lat' dir='ltr'>pupillorum</span> <span class='ocrx_word' id='word_1_454' title='bbox 1260 2403 1411 2428; x_wconf 90' lang='lat' dir='ltr'>tutorem</span> <span class='ocrx_word' id='word_1_455' title='bbox 1440 2397 1554 2433; x_wconf 75' lang='lat' dir='ltr'>fuisse,</span> <span class='ocrx_word' id='word_1_456' title='bbox 1588 2398 1712 2428; x_wconf 85' lang='lat' dir='ltr'>deinde</span> <span class='ocrx_word' id='word_1_457' title='bbox 1741 2407 1855 2437; x_wconf 85' lang='lat' dir='ltr'>quom,</span> <span class='ocrx_word' id='word_1_458' title='bbox 1885 2398 1951 2427; x_wconf 92' lang='lat' dir='ltr'>illis</span> <span class='ocrx_word' id='word_1_459' title='bbox 1974 2398 2007 2428; x_wconf 91' lang='lat' dir='ltr'>in</span> 
     </span>
     <span class='ocr_line' id='line_1_39' title="bbox 1792 2453 1807 2476; baseline 0 0"><span class='ocrx_word' id='word_1_460' title='bbox 1792 2453 1807 2476; x_wconf 87' lang='lat'>2</span> 
     </span>
    </p>
   </div>
  </div>
 </body>
</html>
