2236 2979
1028 289 1121 319 XIX

335 393 407 423 Iam
430 392 626 422 felicissirne
650 391 784 425 accidit,
815 398 850 420 ut
880 390 979 420 huius
1000 388 1123 427 capitis
1145 396 1384 428 argumentum
1416 389 1589 428 copiosius
1622 389 1725 419 etiam
1759 397 1792 420 et
1814 391 1965 425 uberius,

188 458 290 488 quarn
311 447 345 477 in
366 452 463 477 tanta
484 446 675 476 litterarum
699 446 829 476 iactura
845 443 1023 483 expectari
1039 442 1161 482 possit,
1184 442 1379 472 describere
1402 443 1512 473 liceat.
1551 443 1638 472 Nam
1654 442 1733 472 talis
1758 444 1965 473 athletarum

187 507 268 541 post
292 506 437 531 mortem
460 506 738 530 consecratorum
762 499 881 529 indicis
904 497 1134 536 fragmentum
1164 502 1216 525 sat
1247 496 1397 534 amplum
1421 497 1464 525 ad
1488 502 1636 526 aetatem
1659 502 1811 526 nostram
1839 507 1966 536 propa-

187 560 306 594 gatum
329 559 390 584 est.
435 553 605 583 Eusebius
627 553 660 582 in
684 552 808 591 Praep.
829 551 960 590 Evang.
993 550 1081 579 libro
1105 549 1137 578 V
1166 549 1416 589 copiosissume
1447 551 1489 579 de
1512 550 1681 589 Apollinis
1716 551 1861 580 oraculis
1885 551 1966 590 egit,

187 618 275 648 quae
297 608 446 637 humano
469 607 590 646 generi
613 616 749 645 semper
772 605 935 645 perniciei
958 605 1070 644 magis
1095 608 1128 633 et
1153 605 1287 638 damno,
1313 613 1414 642 quam
1432 605 1663 634 emolumento
1679 604 1811 636 fuerint.
1835 604 1967 644 Magna

188 662 286 692 huius
308 661 384 691 libri
406 671 497 700 pars,
515 661 586 691 eius
609 660 657 690 rei
681 660 850 699 exemplis
871 659 1007 695 referta,
1029 663 1195 696 excerpta
1219 664 1271 686 est
1294 667 1339 687 ex
1363 656 1529 687 Oenomai
1553 656 1774 693 Gadarensis,
1799 659 1969 690 Hadriani

186 716 310 750 liberti,
344 715 532 745 clarissimo
565 724 647 744 sane
671 714 796 744 aetatis
819 724 902 744 suae
932 723 1051 752 opere:
1087 712 1213 749 Γοήτων
1235 711 1339 749 φώρα.
1384 711 1456 741 Iam
1490 721 1590 741 unum
1624 712 1806 742 Eusebiani
1835 713 1911 743 libri
1935 713 1968 743 V

187 774 304 807 caput:
338 768 377 798 34
400 773 510 797 totum
534 772 692 797 versatur
714 765 746 795 in
778 766 827 796 eis
850 766 997 796 oraculis
1024 766 1297 805 perstringendis
1321 772 1355 796 et
1378 766 1600 805 castigandis,
1635 776 1778 805 quorum
1802 769 1967 798 mandatu

188 823 394 852 athletarum
418 821 629 860 apotheoses
651 820 827 849 institutae
851 819 926 850 sint.
970 819 1068 849 Haec
1085 820 1254 859 exempla,
1279 820 1568 859 quemadmodum
1591 830 1700 859 usque
1725 822 1836 851 adhuc
1860 823 1969 853 credi·

187 883 259 906 turn
282 882 344 915 est,
375 875 543 906 Oenomai
567 874 767 913 diligentiae
791 875 1017 911 debebamus3
1051 875 1111 903 sed
1140 875 1246 904 multo
1268 884 1365 909 nunc,
1395 875 1520 914 hercle,
1543 875 1755 913 probabilius
1780 881 1841 909 est,
1877 877 1966 907 hunc

188 936 364 960 auctorem
389 939 430 959 ea
454 929 520 958 iam
544 934 706 967 prompta
729 935 762 957 et
785 934 909 967 parata
932 928 1024 966 apud
1049 926 1295 958 Callimachum
1316 928 1497 961 invenisse,
1528 933 1565 957 ut
1594 928 1658 967 ipsi
1683 928 1862 959 Oenomao
1886 930 1967 959 nihil

187 984 441 1023 adiungendum
464 982 574 1018 fuerit,
607 982 672 1012 nisi
697 982 857 1012 venenati
884 981 930 1011 illi
955 981 1156 1011 facetiarum
1180 987 1214 1012 et
1238 982 1473 1012 conviciorum
1506 982 1605 1015 sales,
1630 983 1763 1021 quibus,
1798 983 1967 1014 interdum

187 1039 279 1068 haud
303 1048 385 1068 sane
408 1038 538 1067 urbane
562 1042 595 1067 et
619 1037 805 1075 eleganter,
831 1036 1046 1075 antiquarum
1070 1035 1272 1075 religionum
1297 1036 1574 1075 superstitionem
1597 1037 1800 1075 exagitavit.

382 1147 426 1176 17.
471 1145 701 1179 Athletarum,
725 1154 871 1184 quorum
894 1145 1104 1184 apotheoses
1128 1144 1325 1176 Oenomaus
1352 1152 1498 1179 enarrat,
1523 1146 1670 1175 omnium
1693 1146 1780 1176 haec

322 1210 396 1230 sors
420 1206 480 1236 est,
505 1205 542 1229 ut
565 1209 584 1229 a
607 1199 738 1229 civibus
762 1199 830 1229 suis
854 1198 977 1238 insigni
1001 1199 1122 1228 iniuria
1144 1198 1346 1234 afficiantur,
1372 1200 1495 1229 deinde
1518 1200 1662 1229 deorum
1686 1199 1834 1228 ultorum

684 1253 849 1282 mandatu
873 1253 916 1282 ad
941 1252 1074 1282 divinos
1097 1254 1245 1283 honores
1269 1253 1467 1283 evehantur.

335 1331 424 1360 Tota
446 1341 502 1361 res
525 1330 648 1361 clarior
672 1330 775 1360 etiam
798 1329 866 1365 fiet,
890 1329 917 1359 si
941 1329 1077 1368 singula
1101 1327 1292 1357 accuratius
1313 1327 1499 1366 paullulum
1524 1327 1844 1358 examinaverimus
1885 1328 1966 1358 Om—

188 1384 288 1414 nibus
310 1384 376 1414 illis
399 1385 491 1424 apud
514 1384 729 1415 Oenomaum
753 1385 796 1414 de
821 1384 1026 1413 athletarum
1050 1382 1309 1412 consecratione
1332 1381 1585 1411 narrationibus
1616 1391 1681 1411 una
1704 1392 1759 1411 res
1780 1383 1968 1412 communis

191 1444 258 1468 est:
282 1439 433 1468 athletae
456 1437 502 1467 illi
525 1437 556 1467 in
580 1438 655 1477 ipso
679 1437 770 1467 vitae
795 1437 890 1467 exitu
911 1447 930 1466 a
953 1437 1084 1467 civibus
1109 1436 1177 1466 suis
1194 1446 1320 1476 magna
1337 1436 1451 1475 aliqua
1467 1436 1587 1466 iniuria
1604 1435 1814 1471 adficiuntur,
1840 1442 1967 1467 etcum

186 1492 251 1531 ipsi
265 1492 408 1531 egregie
422 1492 465 1521 de
477 1491 610 1531 patriae
627 1501 711 1522 suae
727 1491 841 1531 gloria
857 1491 968 1521 meriti
987 1491 1061 1525 sint,
1080 1491 1172 1520 cives
1189 1490 1244 1520 isti
1257 1490 1383 1529 ingrati
1399 1496 1457 1520 aut
1474 1490 1610 1520 omnino
1631 1500 1750 1520 eorum
1767 1491 1969 1521 memoriam

187 1555 254 1576 non
279 1551 406 1582 curant,
431 1551 490 1575 aut
511 1545 741 1585 ignominiose
765 1545 867 1575 etiarn
894 1555 970 1575 eam
990 1544 1200 1575 conculcant.
1232 1544 1383 1574 Primum
1407 1550 1567 1574 narratur
1591 1545 1633 1574 de
1651 1544 1844 1574 Cleomedis
1861 1545 1967 1584 Asty-

186 1600 380 1639 palaeensis
403 1599 492 1638 fatis,
518 1599 597 1630 Eus.
621 1599 676 1630 Pr.
701 1599 762 1630 Ev.
786 1599 827 1635 V,
852 1600 891 1630 34
914 1600 1005 1638 2-s‚
1030 1598 1104 1629 coll.
1128 1598 1229 1628 Paus.
1255 1598 1354 1633 VM),
1370 1600 1397 1629 6.
1424 1598 1629 1629 Cleomedes
1644 1604 1788 1637 propter
1804 1604 1968 1638 negatam

188 1653 252 1684 sibi
264 1653 447 1693 Olympiae
463 1653 612 1692 palmam
630 1653 664 1682 in
680 1652 831 1683 furorem
847 1659 943 1683 actus
962 1653 1111 1692 domurn,
1135 1653 1397 1693 Astypalaeam‚
1422 1653 1586 1689 redierat;
1611 1652 1745 1683 ibicum
1761 1653 1810 1682 sui
1827 1663 1969 1692 compos

190 1718 257 1738 non
280 1712 382 1744 esset,
411 1707 442 1736 in
465 1707 582 1736 ludum
609 1716 794 1746 puerorum
819 1707 1014 1746 penetravit
1043 1713 1076 1737 et
1103 1718 1170 1738 una
1198 1707 1269 1737 eius
1293 1707 1439 1737 aedificii
1463 1708 1620 1737 columna
1645 1707 1712 1736 ictu
1736 1707 1867 1746 ingenti
1889 1717 1968 1746 pro-

188 1767 296 1795 strata
319 1761 502 1800 sexaginta
524 1770 652 1800 pueros
676 1761 798 1791 obruit.
844 1761 979 1791 Deinde
1003 1771 1079 1791 cum
1111 1761 1142 1790 in
1167 1762 1289 1791 aedem
1312 1761 1491 1791 Minervae
1524 1760 1642 1799 fugam
1666 1760 1908 1799 capessivisset
1933 1768 1966 1790 et

187 1815 336 1854 undique
361 1825 380 1844 a
403 1815 533 1845 civibus
556 1815 728 1854 lapidibus
751 1821 937 1854 peteretur,
966 1815 999 1844 in
1024 1825 1156 1845 sacram
1185 1815 1357 1854 quandam
1385 1825 1507 1849 arcam,
1541 1824 1630 1853 quae
1654 1814 1743 1844 forte
1768 1814 1813 1844 ibi
1838 1821 1968 1845 statuta

188 1875 271 1903 erat,
304 1869 472 1899 inscendit
507 1869 648 1908 eiusque
672 1869 868 1908 operculum
903 1879 1006 1908 supra
1041 1880 1078 1899 se
1111 1870 1263 1899 clausum
1298 1874 1396 1898 tanta
1423 1869 1455 1898 vi
1478 1868 1625 1905 retinuit,
1660 1874 1697 1898 ut
1726 1868 1851 1907 aperiri
1874 1869 1968 1898 nullo

187 1923 290 1953 modo
324 1928 451 1961 posset.
506 1922 661 1952 Tandem
691 1922 847 1953 omnibus
874 1922 1039 1953 machinis
1067 1923 1230 1953 adhibitis
1258 1923 1378 1953 avolso
1402 1923 1564 1961 operculo
1590 1932 1670 1952 arca
1694 1932 1802 1952 vacua
1825 1928 1965 1961 reperta

188 1982 247 2007 est.
293 1976 588 2016 Astypalaeenses
612 1977 768 2007 consulto
798 1987 900 2016 super
923 1987 964 2007 eo
988 1977 1150 2007 miraculo
1177 1977 1354 2016 Apolline,
1379 1977 1598 2007 Cleomedem
1622 1981 1658 2006 ut
1679 1977 1819 2006 heroem
1843 1976 1966 2006 divinis

187 2031 376 2060 honoribus
399 2031 512 2061 colere
535 2030 615 2060 iussi
639 2036 724 2062 sunt.

341 2083 519 2115 Simillima
543 2092 594 2115 est
616 2086 768 2115 narratio
801 2087 843 2116 de
867 2086 1055 2125 The-agene
1084 2085 1212 2115 Thasio
1242 2085 1368 2124 pugile,
1399 2085 1524 2115 Euseb.
1550 2084 1605 2115 Pr.
1634 2084 1692 2114 Ev.
1718 2084 1758 2119 V,
1783 2085 1830 2118 34,
1855 2085 1968 2120 8—14,

190 2139 265 2168 coll.
290 2138 390 2169 Paus.
414 2138 473 2177 VI,
500 2139 546 2178 ll,
569 2140 659 2170 2—9.
703 2139 743 2169 Ei
765 2140 830 2170 hac
854 2140 924 2170 vita
947 2140 1064 2170 functo
1089 2146 1237 2169 statuam
1262 2140 1294 2169 in
1317 2139 1429 2178 patria
1454 2140 1538 2169 urbe
1565 2138 1656 2168 cives
1680 2144 1876 2177 posuerant.
1901 2138 1969 2168 Ve-

188 2202 263 2222 rum
286 2197 456 2222 mortuum
477 2203 561 2222 unus
585 2193 723 2232 quidam
748 2203 792 2223 ex
819 2194 961 2224 inimicis
982 2194 1132 2233 quietem
1150 2204 1256 2233 agere
1279 2203 1402 2233 passus
1418 2204 1485 2223 non
1504 2200 1564 2224 est.
1591 2194 1691 2222 immo
1711 2197 1795 2231 quot
1811 2192 1970 2222 noctibus

189 2252 337 2276 statuam
362 2245 559 2286 Theagenis
580 2246 728 2286 flagellis
752 2248 897 2278 caedere
920 2248 1079 2287 omnique
1096 2249 1200 2278 modo
1217 2248 1418 2278 conculcare
1443 2247 1596 2278 instituit.
1640 2247 1725 2276 Eam
1748 2246 1965 2276 insolentiam

191 2305 306 2329 statua
329 2299 404 2339 ipsa
427 2300 586 2330 divinitus
608 2301 754 2341 impulsa
778 2303 849 2332 ulta
873 2307 934 2333 est.
980 2302 1062 2332 Cum
1086 2302 1224 2331 insanus
1247 2302 1303 2331 ille
1326 2311 1443 2331 rursus
1466 2301 1498 2331 in
1522 2300 1731 2340 flagellando
1754 2300 1967 2339 persisteret,

188 2359 331 2393 repente
347 2355 430 2384 sede
453 2364 514 2384 sua
537 2361 632 2385 mota
652 2356 685 2385 in
702 2366 779 2386 eum
795 2357 912 2387 incidit
929 2366 1075 2395 eumque
1097 2356 1315 2386 exanimavit.
1360 2355 1477 2385 Thasii
1504 2361 1652 2385 statuam
1666 2360 1809 2394 propter
1825 2354 1968 2384 caedem

186 2413 422 2447 perpetratam
458 2408 490 2438 in
518 2408 676 2439 iudicium
711 2416 890 2445 vocarunt,
925 2411 1122 2440 damnatam
1155 2410 1187 2438 in
1222 2419 1316 2439 mare
1351 2409 1558 2439 abiecerunt.
1608 2407 1678 2439 Sed
1715 2418 1794 2438 ecce
1821 2401 1970 2447 ‘repente
