2236 2979
980 944 1345 976 ADDENDVM.

424 1059 473 1086 Ad
489 1068 515 1095 p.
529 1058 625 1085 XXII.
640 1057 728 1085 Gellii
744 1057 827 1084 locus
842 1056 909 1089 XV,
929 1057 964 1085 16
981 1057 1102 1093 cognitu
1125 1066 1200 1084 sane
1223 1057 1341 1093 dignus.
1380 1057 1423 1084 Ibi
1447 1057 1476 1084 iu
1500 1057 1596 1084 verbis
1619 1058 1737 1085 traditis
1757 1054 1939 1093 “olympiade
1956 1059 2057 1094 prima

275 1102 459 1137 coronatum„
491 1108 651 1136 Salmasius
683 1115 737 1144 pro
762 1099 897 1143 “prima''
922 1099 1206 1144 “quinquagesima''
1241 1107 1329 1134 scribi
1351 1107 1444 1139 iubet,
1468 1116 1624 1134 numerum
1647 1107 1661 1134 1
1683 1116 1720 1134 ex
1741 1107 1766 1135 L
1790 1113 1963 1144 corruptum
1988 1117 2057 1136 cen-

275 1168 354 1188 sens.
400 1159 460 1186 Sed
483 1163 565 1186 certa
588 1166 635 1185 res
657 1163 713 1190 est,
730 1156 875 1185 Milonem
898 1157 935 1186 ol.
958 1157 1041 1184 LXII
1063 1149 1230 1193 “primum”
1253 1157 1369 1191 vicisse,
1393 1162 1424 1184 et
1448 1157 1488 1184 ad
1514 1166 1583 1185 eum
1610 1158 1710 1194 ipsum
1739 1166 1860 1192 annum,
1889 1167 1949 1194 quo
1977 1155 2056 1194 “pri-

275 1203 375 1237 mum’'
397 1210 474 1236 inter
496 1208 573 1235 viros
598 1207 676 1239 vicit,
699 1207 938 1234 narratiunculas
961 1207 1121 1235 nonnullas
1145 1207 1184 1234 de
1207 1207 1270 1234 eius
1293 1207 1381 1234 rebus
1404 1207 1499 1243 gestis
1522 1212 1552 1234 et
1572 1207 1676 1235 mortis
1692 1216 1803 1244 genere
1826 1208 1855 1235 in
1871 1208 2056 1244 anagraphis

275 1260 444 1295 adscn'ptas
476 1258 574 1285 fuisse.
620 1256 783 1285 Confirmat
815 1256 891 1284 haec
919 1256 1086 1284 luculenter
1108 1257 1267 1285 Africanus
1292 1257 1332 1284 ad
1356 1257 1392 1285 ol.
1416 1252 1469 1293 ξβ’,
1505 1257 1585 1284 conf.
1609 1258 1657 1286 ed.
1680 1258 1832 1293 Rutgersii
1854 1267 1881 1294 p.
1907 1259 1956 1287 23.
1980 1258 2056 1285 Inde

275 1309 446 1337 necessario
469 1308 627 1343 colligitur,
650 1312 719 1343 post
738 1299 939 1342 “‹Jh‘nzp1bde''
962 1307 1112 1334 excidisse
1135 1316 1292 1335 numerum
1315 1307 1407 1335 LXII.
1455 1306 1542 1341 Quae
1566 1308 1680 1335 utinam
1703 1307 1834 1335 Martino
1857 1308 1959 1341 Hertz,
1994 1309 2056 1336 viro

274 1361 397 1397 egregio
421 1365 451 1387 et
473 1368 613 1387 maxume
638 1358 786 1391 Gelliano,
810 1358 962 1394 placeant,
985 1359 1035 1394 qui
1059 1358 1087 1385 in
1111 1358 1168 1386 hac
1191 1366 1272 1385 nunc
1295 1358 1474 1394 quaestione
1496 1358 1527 1385 Iu
1550 1359 1655 1386 castris
1677 1358 1871 1386 Salmasianis
1895 1359 2011 1388 militat.
