2236 2979
1085 264 1170 294 VIII

239 368 395 400 carminis
418 368 470 399 Ol.
492 368 507 397 I
537 374 673 406 tempus
709 372 742 396 et
769 365 938 404 originem
960 364 1236 394 coniunctissima
1270 364 1335 394 dici
1367 374 1443 394 cum
1476 363 1620 394 victoria
1652 365 1803 399 celetica‚
1837 374 1939 404 quam
1961 364 2019 395 illa

238 423 375 462 quidem
398 421 596 461 olympiade
621 421 659 451 73
684 419 737 459 (=
749 419 824 458 488)
846 418 953 449 Hiero
978 419 1125 457 adeptus
1147 417 1198 448 sit.

387 475 484 505 Haec
507 479 670 513 reputans
693 473 896 503 Theodorus
918 472 1047 511 Bergk,
1070 472 1167 502 Poet.
1188 471 1267 510 Lyr.
1291 470 1349 502 Gr.
1373 471 1403 500 1⁴
1425 480 1457 510 p.
1480 471 1500 501 4
1521 481 1585 510 pro
1606 482 1747 502 numero
1768 473 1816 504 ΟΓ
1838 472 2018 513 ingeniose

240 531 293 567 Of,
318 529 491 569 digamma
515 538 579 567 pro
595 537 735 567 gamma
750 527 873 566 posito,
899 526 1001 557 scribi
1021 526 1128 556 iubet:
1155 525 1280 555 etenim
1297 525 1330 554 in
1347 525 1591 564 antiquissimis
1605 525 1746 555 Pindari
1762 527 2019 565 exemplaribus

237 593 413 614 numerum
439 592 502 612 sex
535 582 593 612 illo
631 582 730 621 signo
762 581 946 611 etiamtunc
974 589 1178 619 expressum
1205 578 1324 613 fuisse;
1359 588 1462 618 quam
1497 579 1542 609 ad
1575 589 1648 609 rem
1681 579 1769 611 conf.
1792 580 2019 617 Boeckhium,

237 637 476 669 Staatshaush.
504 636 566 666 der
587 635 670 666 Ath.
702 635 828 671 (Berol.
854 635 947 673 l8l7)
978 635 1044 665 vol.
1066 633 1108 668 II,
1131 634 1191 664 385
1225 638 1258 664 et
1280 633 1444 663 Ioannem
1473 632 1595 672 Franz,
1629 632 1794 664 Element.
1827 634 1935 673 epigr.
1958 633 2019 665 Gr.

234 701 267 731 p.
291 692 360 722 351.
404 690 525 720 Habet
546 691 634 720 haec
658 689 854 720 coniectura
877 688 1028 728 aliquam
1052 688 1095 717 ad
1119 687 1398 727 persuadendum
1422 687 1500 718 vim.
1529 686 1600 717 Sed
1623 687 1728 726 longe
1750 687 1878 718 certius
1900 688 2019 718 funda—

234 750 395 781 mentum,
417 744 450 774 in
474 754 542 783 quo
566 744 610 773 ad
635 743 794 773 carminis
818 742 870 773 Ol.
894 742 909 772 I
932 747 1068 780 tempus
1092 740 1322 771 definiendum
1345 741 1440 771 inniti
1462 741 1643 780 possimus,
1666 742 1812 780 praebet
1824 741 2017 773 Pausaniae

233 800 329 829 locus
349 798 408 832 VI,
431 799 460 837 9,
483 799 512 829 4.
535 800 564 833 5,
594 798 689 828 cuius
712 798 757 827 ad
780 797 867 826 hanc
889 795 1128 835 quaestionem
1153 795 1405 825 diiudicandam
1432 795 1648 834 praestantia
1670 796 1938 834 haudquaquam
1960 795 2018 831 ita,

235 860 272 883 ut
295 863 352 883 res
374 853 585 892 postulabat,
607 856 792 891 perspecta
806 856 868 881 est.
903 850 1014 880 Huius
1039 850 1129 880 enim
1147 849 1214 879 loci
1238 849 1472 879 testimonium
1487 850 1532 879 ab
1549 849 1700 889 eruditis,
1722 849 1779 889 qui
1801 849 1844 879 de
1857 849 2019 880 Hieronis

237 913 270 937 et
289 906 429 937 Gelonis
450 906 601 937 victoriis
625 905 815 946 Olympicis
846 904 1100 944 quaesiverunt,
1133 903 1182 933 ita
1215 913 1353 942 semper
1381 903 1509 934 adferri
1539 903 1636 939 solet,
1671 903 1769 943 quasi
1792 912 1925 933 summa
1947 903 2021 934 eius

237 970 312 992 cum
335 960 393 990 illa
415 961 632 999 scholiastae,
664 969 766 999 quam
786 959 889 989 modo
911 957 1213 992 consideravimus,
1242 957 1412 996 temporis
1441 955 1636 987 definitione
1670 957 1850 987 consensio
1873 957 1926 988 sit.
1969 957 2020 988 At

236 1015 302 1045 hoc
323 1015 430 1054 longe
453 1023 551 1045 secus
572 1019 634 1053 est,
657 1013 760 1043 immo
783 1016 917 1042 tantum
940 1012 1049 1049 abest,
1070 1015 1108 1040 ut
1130 1010 1323 1041 Pausaniae
1346 1010 1455 1040 verba
1479 1020 1555 1041 cum
1578 1010 1785 1041 scholiastae
1807 1011 1866 1041 illo
1887 1011 2019 1042 calculo

236 1067 409 1099 conciliari
430 1068 575 1108 possint,
598 1072 635 1097 ut
658 1067 803 1097 alterum
825 1066 927 1105 plane
951 1065 1060 1095 altero
1089 1065 1302 1095 excludatur.
1346 1064 1482 1095 Etenim
1507 1064 1702 1095 Pausaniae
1725 1065 1910 1104 disputatio
1932 1066 2020 1096 haec

238 1128 304 1153 est:
327 1128 443 1152 narrat
466 1121 525 1156 VI,
547 1122 576 1156 9,
599 1122 627 1152 4.
652 1122 680 1161 5,
703 1119 845 1150 Gelonis
867 1130 914 1154 se,
938 1118 1141 1150 Dinomenis
1162 1118 1229 1155 filii,
1253 1118 1421 1158 Gelensis,
1445 1118 1639 1157 anathema,
1667 1119 1701 1149 in
1722 1119 1895 1155 victoriae,
1920 1129 2020 1150 curru

232 1181 365 1216 partae,
388 1175 586 1206 memoriam
607 1175 767 1214 positum,
790 1173 975 1213 Olympiae
992 1173 1129 1213 vidisse,
1152 1183 1288 1204 currum
1313 1183 1357 1204 ex
1381 1183 1461 1203 aere
1479 1183 1556 1204 cum
1574 1172 1754 1212 quadriga,
1777 1173 1938 1203 adiuncto
1952 1171 2019 1203 Ge-

233 1230 320 1260 lonis
344 1230 535 1268 simulacro,
561 1239 650 1269 quae
672 1228 786 1258 omnia
808 1226 974 1258 Glauciae
997 1226 1196 1267 Aeginetae
1220 1227 1361 1265 (Brunn,
1385 1226 1510 1258 Gesch.
1537 1228 1567 1257 d.
1592 1227 1731 1258 Kiinstl.
1754 1226 1780 1266 I,
1805 1227 1858 1265 83)
1887 1236 1943 1257 ars
1968 1226 2018 1256 fu—

234 1284 327 1315 erint.
373 1284 524 1321 Γλαυκίας
547 1284 592 1317 δὲ,
615 1282 732 1322 inquit,
755 1281 921 1320 Αἰγινήτης
943 1282 981 1312 τό
1004 1291 1038 1312 τε
1062 1281 1145 1320 ἅρμα
1170 1282 1220 1312 καὶ
1244 1281 1331 1322 αὐτῷ
1358 1284 1402 1321 τῷ
1421 1282 1535 1312 Γέλωνι
1559 1281 1691 1318 ἐποίησε
1716 1281 1774 1318 τὴν
1799 1280 1915 1311 εἰκόνα.
1939 1280 2018 1320 Epi-

232 1348 390 1378 gramma
412 1347 560 1377 quoque,
585 1337 635 1367 uti
664 1336 802 1375 assolet,
829 1336 1040 1366 anathemati
1068 1335 1267 1374 inscriptum
1291 1334 1406 1370 fuisse,
1435 1335 1530 1374 quod
1552 1344 1677 1364 nomen
1700 1334 1849 1369 victoris,
1883 1340 2019 1373 patrem

234 1393 315 1427 eius
343 1392 491 1431 denique
516 1391 664 1431 patriam
687 1390 810 1421 Gelam
831 1390 1012 1420 indicaret:
1047 1390 1226 1428 ἐπίγραμμα
1253 1390 1309 1427 μὲν
1338 1389 1375 1426 δή
1405 1389 1492 1420 ἐστιν
1523 1388 1620 1429 αὐτῷ,
1651 1389 1776 1419 Γέλωνα
1798 1389 2018 1426 Δεινομένους

233 1446 396 1477 ἀναθεῖναι
419 1446 552 1486 Γελῷον.
599 1445 715 1475 Adicit
737 1443 936 1481 Pausanias,
972 1444 1123 1474 curulem
1153 1444 1241 1473 hanc
1264 1442 1407 1473 Gelonis
1444 1442 1624 1472 victoriam
1657 1441 1808 1472 incidere
1843 1442 1876 1471 in
1908 1442 2016 1481 olym-

231 1500 370 1540 piadem
398 1499 436 1530 73
466 1498 520 1538 (=
534 1499 622 1536 488):
660 1499 712 1530 καὶ
741 1498 759 1529 ὁ
782 1499 900 1537 χρόνος
926 1498 1030 1538 τούτῳ
1059 1501 1104 1538 τῷ
1132 1497 1246 1529 Γέλωνί
1278 1497 1346 1528 ἐστι
1372 1498 1429 1534 τῆς
1455 1496 1544 1534 νίκης
1577 1496 1664 1534 τρίτη
1694 1496 1775 1534 πρὸς
1805 1496 1862 1534 τὰς
1889 1495 2018 1535 ἑβδομή-

233 1564 330 1586 κοντα
354 1553 559 1592 ὀλυμπιάδας.

395 1655 424 1686 6.
467 1655 659 1685 Pausanias
682 1653 741 1689 VI,
764 1655 792 1690 9,
817 1655 835 1685 4
861 1652 1041 1689 Gelonem,
1064 1653 1122 1692 qui
1145 1663 1174 1683 a.
1198 1653 1259 1683 488
1283 1662 1384 1683 curru
1405 1652 1494 1693 vicit,
1527 1653 1612 1683 miro
1644 1662 1761 1683 errore
1791 1662 1856 1692 pro

704 1708 843 1739 homine
864 1707 1001 1747 privato
1024 1708 1140 1746 habet,
1163 1707 1300 1747 tyranni
1322 1707 1543 1746 homonymo.

381 1794 479 1824 Haec
502 1793 616 1824 omnia
639 1803 749 1832 usque
772 1793 883 1823 adhuc
907 1792 992 1821 satis
1015 1792 1118 1825 clara,
1144 1790 1320 1830 simplicia,
1353 1796 1480 1830 pacata
1502 1796 1595 1826 sunt;
1630 1801 1759 1826 verum,
1788 1796 1825 1821 ut
1849 1796 1902 1822 est
1925 1791 2018 1831 apud

234 1848 481 1888 Thucydidem,
505 1847 634 1886 ἄρχεται
666 1847 684 1878 ὁ
707 1847 849 1884 πόλεμος
881 1846 1010 1877 ἐνθένδε
1033 1845 1103 1883 ἤδη.
1147 1844 1236 1874 Nam
1266 1844 1457 1875 Pausanias
1489 1850 1719 1884 posteaquam
1752 1846 1839 1875 haec
1861 1845 1919 1883 VI,
1943 1845 1973 1880 9,
1996 1846 2018 1876 4

233 1902 373 1936 rettulit,
397 1902 503 1932 altum
529 1901 747 1941 supercilium
770 1900 921 1935 assumit,
955 1899 1104 1930 frontem
1132 1899 1165 1929 in
1187 1909 1293 1939 rugas
1316 1899 1501 1939 componit,
1530 1905 1723 1929 screantem
1754 1898 1827 1929 fere
1850 1899 2016 1935 audimus,

233 1956 381 1996 denique
404 1957 493 1986 hunc
515 1955 549 1985 in
571 1956 710 1985 modum
732 1954 858 1995 pergit.
902 1953 1030 1984 Eorum
1054 1959 1292 1994 scrutatorum,
1321 1953 1377 1993 qui
1401 1959 1480 1984 ante
1504 1963 1542 1984 se
1569 1954 1612 1984 de
1635 1954 1701 1984 hoc
1723 1958 1943 1984 monumento
1968 1953 2017 1984 di-

232 2010 355 2046 xerint,
381 2010 530 2040 minume
552 2020 589 2040 se
613 2009 818 2040 sententiam
840 2009 992 2048 probare
1018 2017 1133 2048 posse,
1163 2007 1293 2047 quippe
1318 2007 1376 2047 qui
1402 2007 1572 2038 victorem
1599 2007 1692 2037 illum
1715 2006 1884 2038 Gelonem
1906 2007 2015 2038 Dino—

233 2064 342 2095 menis
363 2063 470 2094 filium
493 2062 678 2094 Gelensem
709 2073 779 2093 non
803 2063 977 2093 diversum
1012 2062 1162 2092 iudicent
1191 2072 1211 2092 a
1241 2061 1420 2092 notissimo
1447 2061 1572 2093 Sciliae
1603 2066 1761 2101 tyranno.
1806 2060 1881 2092 Sibi
1913 2071 2019 2102 argu-

233 2123 349 2148 menta
382 2118 466 2148 satis
497 2117 620 2158 gravia
652 2117 685 2147 in
717 2122 879 2157 promptu
913 2127 1002 2156 esse,
1036 2126 1126 2156 quae
1158 2117 1248 2146 hunc
1271 2115 1450 2151 Gelonem,
1484 2125 1585 2146 curru
1617 2115 1793 2153 victorem,
1830 2125 1851 2146 a
1883 2114 2018 2146 Gelone

235 2171 372 2203 Siciliae
407 2177 554 2211 tyranno
593 2171 765 2201 diversum
801 2181 877 2201 esse
913 2171 1079 2200 evincant.
1130 2170 1259 2201 Eorum
1292 2176 1574 2210 argumentorum
1609 2180 1776 2200 summam
1808 2170 1897 2200 hanc
1929 2179 2015 2200 esse.

234 2225 502 2265 Epigrammatis
525 2225 614 2254 illius
637 2230 822 2259 auctorem,
846 2224 1075 2255 anathematis
1098 2225 1309 2260 donatorem,
1337 2223 1515 2262 Gelonem,
1547 2223 1656 2254 Gelae
1678 2224 1773 2254 urbis
1806 2223 1917 2254 civem
1940 2233 2017 2254 sese

234 2289 368 2310 vocare.
413 2278 580 2310 Gelonem
602 2289 686 2310 vero
710 2278 847 2309 Siciliae
870 2283 1053 2318 tyrannum
1077 2278 1158 2308 olim
1179 2278 1317 2318 quidem
1340 2277 1451 2317 ipsum
1467 2287 1604 2317 quoque
1620 2276 1816 2317 Gelensem,
1839 2283 1874 2308 et
1895 2286 2015 2316 regem

235 2333 338 2363 etiam
354 2332 553 2364 Gelensium
576 2332 695 2369 fuisse;
719 2334 781 2363 sed
795 2343 835 2363 eo
850 2338 1018 2372 tempore,
1042 2342 1109 2372 quo
1119 2332 1178 2362 illa
1189 2332 1334 2362 victoria
1347 2331 1474 2362 curulis
1490 2330 1655 2366 evenerit,
1678 2331 1697 2362 i.
1713 2341 1741 2362 e.
1758 2333 1800 2363 ol.
1815 2332 1853 2362 73
1867 2330 2014 2370 (=488),

234 2386 401 2417 Gelonem
416 2386 484 2416 iam
501 2387 644 2426 pridem,
668 2387 723 2417 vel
747 2387 775 2416 si
797 2392 958 2417 accurate
974 2387 1184 2426 loquendum
1206 2387 1259 2426 sit,
1281 2387 1349 2416 iam
1372 2392 1442 2416 tres
1460 2386 1618 2425 integros
1634 2395 1743 2416 annos
1759 2385 2016 2425 Syracusanum
