2236 2979
1101 233 1151 262 VI

236 335 446 367 Boeckhium
473 334 702 364 invictissimis
722 332 920 372 rationibus,
944 332 1096 371 inprimis
1118 332 1227 362 nisum
1249 332 1465 364 Scholiastae
1492 333 1589 364 Pind.
1613 335 1657 364 ad
1680 334 1761 365 ΟΙ,Ι
1783 334 1907 366 introd.
1931 344 1963 374 p.
1978 336 2015 365 21

236 389 441 425 testimonio,
466 387 766 421 demonstravisse,
790 386 974 426 Explicatt.
998 396 1031 425 p.
1058 387 1115 417 100
1140 396 1200 425 sq.,
1224 396 1361 416 carmen
1383 385 1465 416 ΟΙ,Ι
1487 387 1686 426 olympiade
1702 388 1740 418 77
1763 390 1814 424 (=
1829 388 1903 426 472)
1926 398 2016 418 com-

236 444 382 484 positum
410 453 496 473 esse.
541 441 611 472 Sed
635 441 724 470 duae
747 446 827 470 sunt
849 450 915 475 res,
940 450 1027 479 quae
1050 439 1231 479 quominus
1249 440 1311 470 viri
1335 440 1471 480 egregii
1494 445 1528 470 et
1551 441 1593 471 de
1615 441 1737 471 litteris
1755 441 1942 472 Pindaricis
1958 441 2018 471 im-

236 497 425 528 mortaliter
447 495 559 526 meriti
582 495 615 524 in
638 495 703 524 hac
730 504 766 524 re
791 494 981 524 sententiae
1009 494 1207 533 adstipuler‚
1232 503 1287 523 me
1314 493 1513 533 impediunt.
1558 494 1711 524 Primum
1738 495 1895 525 scholion
1924 495 2017 534 illud,

236 560 303 589 quo
325 549 546 579 fundamento
570 547 674 577 utitur
696 547 902 585 Boeckhius,
935 547 1083 577 minume
1112 557 1133 576 a
1156 548 1373 587 corruptelae
1401 548 1480 578 labe
1503 548 1651 578 immune
1675 554 1741 583 est;
1781 549 1904 579 deinde
1927 549 2018 578 Pau-

237 603 353 633 saniae
375 603 487 632 locum
511 601 568 637 VI,
593 601 621 637 9,
645 602 673 637 4,
701 601 735 630 in
757 601 822 630 hac
845 601 986 640 quidem
1010 610 1132 631 caussa
1154 601 1493 640 ponderosissimum,
1524 602 1620 632 novit
1643 602 1780 641 quidem
1804 602 2016 638 Boeckhius;

237 657 309 691 sed,
332 665 421 695 quae
445 661 519 685 erat
538 655 627 685 illius
650 655 775 684 aetatis
798 654 831 684 in
854 653 1007 684 fontibus
1024 654 1217 684 Pausaniae
1234 654 1434 686 definiendis
1458 661 1492 685 et
1508 655 1731 686 aestimandis
1757 656 1810 686 vel
1834 657 1926 695 apud
1943 666 2017 687 eru-

237 710 433 740 ditissumos
456 708 595 744 incuria,
618 708 766 738 minume
794 707 842 738 ita
865 707 1029 747 expendit
1061 713 1094 738 et
1118 709 1278 744 excussit,
1311 714 1349 739 ut
1372 709 1428 749 qui
1454 709 1583 740 fructus
1607 710 1686 739 inde
1711 709 1788 749 capi
1818 715 1947 749 posset,
1984 715 2019 740 et

235 763 525 803 quemadmodum
548 763 678 793 scholio
707 762 753 792 illi
777 762 875 801 quasi
901 762 1050 792 adversa
1081 761 1193 792 fronte
1216 763 1397 802 oppositus
1420 768 1521 802 esset,
1551 763 1777 803 intellegeret.
1824 763 2016 794 Pausaniae

236 818 291 847 illo
314 818 391 847 loco
415 827 491 847 cum
515 827 565 852 ea,
596 826 685 856 quae
713 826 801 846 nunc
823 816 897 846 iure
918 815 1071 855 poscitur
1100 816 1133 845 in
1156 815 1308 846 fontibus
1332 817 1538 856 scriptorum
1565 817 1733 852 eruendis,
1771 822 1803 847 et
1831 817 2020 847 subtilitate

237 878 270 902 et
287 871 471 902 severitate
488 871 671 910 diligenter
687 870 884 900 examinato
901 870 1094 909 apparebit,
1118 880 1256 900 carmen
1280 870 1331 902 Ol.
1345 871 1361 900 I
1383 871 1481 901 unice
1505 871 1695 911 olympiadi
1719 871 1757 902 76
1782 872 1833 908 (=
1850 871 1925 910 476)
1941 881 2020 901 con-

239 925 364 956 venire.
396 925 514 964 Atque
535 924 706 964 Didymus
729 933 868 963 quoque
891 923 924 953 in
947 924 1069 954 eadem
1092 925 1262 954 sententia
1285 924 1355 960 fuit,
1378 925 1437 964 qui
1459 935 1520 955 eos
1544 924 1725 964 vituperet,
1748 925 1805 964 qui
1823 924 2020 961 Hieronem,

236 989 305 1018 quo
326 984 483 1017 tempore
506 988 644 1009 carmen
668 976 719 1008 Ol.
744 977 759 1008 I
782 977 1011 1017 compositum
1036 978 1089 1012 sit,
1113 977 1311 1008 Aetnaeum
1333 979 1464 1017 potius,
1497 988 1600 1017 quarn
1623 977 1879 1018 Syracusanum
1901 979 2020 1018 appel-

238 1034 377 1063 landum
400 1032 504 1063 fuisse
529 1037 725 1069 censerent;
750 1031 865 1063 Schol.
890 1031 987 1061 Pind.
1013 1031 1066 1063 Ol.
1091 1032 1115 1065 Ι,
1138 1033 1178 1062 33
1201 1042 1232 1071 p.
1257 1033 1296 1063 29
1320 1038 1421 1063 extr.:
1452 1032 1577 1071 εὐήθεις
1599 1033 1681 1071 φησὶ
1703 1032 1847 1070 Δίδυμος
1870 1033 2020 1070 τούτους·

235 1088 308 1118 τότε
332 1088 393 1125 γὰρ
422 1087 526 1125 Ἱέρων
550 1086 589 1124 ἦν
612 1086 831 1124 Συρακούσιος
860 1087 912 1116 καὶ
940 1086 1016 1117 οὐδὲ
1039 1086 1078 1124 ἦν
1103 1084 1257 1122 Αἰτναῖος,
1287 1085 1333 1123 ὥς
1363 1093 1463 1123 φησιν
1490 1080 1747 1124 Ἀπολλόδωρος.
1792 1084 1953 1124 Apparet
1976 1094 2021 1115 ex

236 1141 303 1170 hoc
326 1140 466 1173 scholio,
491 1144 524 1169 et
540 1138 728 1178 Didymum
752 1143 786 1168 et
799 1138 1055 1178 Apollodorum
1078 1139 1259 1168 victoriam
1283 1139 1460 1169 celeticam
1475 1139 1647 1178 Hieronis,
1672 1148 1761 1178 quae
1782 1138 1931 1169 carmine
1943 1138 2020 1167 Pin-

236 1194 353 1224 darico
377 1192 430 1223 Ol.
454 1193 469 1222 I
493 1193 696 1232 celebratur,
719 1192 910 1232 olympiadi
928 1193 966 1223 76
990 1192 1044 1231 (=
1058 1193 1133 1232 476)
1150 1193 1324 1228 tribuisse;
1350 1202 1429 1222 nam
1445 1194 1569 1224 verba:
1592 1193 1637 1231 ὥς
1653 1192 2020 1232 φησινἈπολλόδωρος

235 1257 303 1277 non
327 1246 530 1287 significant,
554 1247 588 1276 id
611 1247 705 1286 quod
728 1246 901 1286 Bergkius
925 1246 1024 1277 Poet.
1048 1247 1128 1286 Lyr.
1153 1245 1211 1276 Gr.
1236 1246 1274 1281 14,
1304 1257 1335 1286 p.
1358 1247 1377 1277 4
1401 1247 1484 1281 volt,
1515 1247 1703 1286 Didymum
1728 1245 1908 1286 refutasse,
1931 1256 2020 1285 quae

238 1302 381 1331 dixisset
404 1301 651 1340 Apollodorus,
676 1301 747 1336 sed,
773 1301 822 1330 uti
844 1306 939 1331 recte
962 1300 1133 1330 intellexit
1155 1300 1352 1330 Boeckhius
1375 1301 1474 1340 Expl.
1497 1311 1528 1340 p.
1555 1302 1613 1331 102
1637 1301 1716 1335 init„
1741 1310 1918 1330 assensum
1941 1310 2019 1330 esse

239 1356 459 1395 Apollodoro
483 1355 679 1395 Didymum.
723 1354 795 1385 Sed
816 1355 903 1385 haec
926 1355 1005 1390 tela,
1029 1360 1066 1385 ut
1088 1359 1182 1385 recte
1206 1354 1320 1384 omnia
1342 1353 1598 1394 intellegantur,
1630 1355 1742 1384 denuo
1767 1364 1787 1383 a
1810 1354 1928 1393 primis
1952 1359 2023 1384 sta-

237 1409 381 1439 minibus
403 1419 492 1440 nunc
518 1409 732 1439 exordienda
756 1414 819 1440 est.

278 1511 306 1540 4.
351 1509 406 1539 De
428 1509 539 1549 prima
562 1509 724 1540 Hieronis
747 1509 890 1540 victoria
905 1507 1087 1548 Olympica
1111 1508 1296 1549 dubitatur,
1320 1509 1407 1540 sitne
1431 1519 1520 1540 anno
1545 1510 1605 1541 488
1629 1519 1672 1539 an
1694 1510 1756 1540 476
1780 1509 1971 1539 tribuenda.

522 1563 606 1594 Inde
628 1564 802 1603 quomodo
825 1564 976 1603 pendeat
1005 1563 1165 1593 iudicium
1193 1564 1236 1594 de
1260 1564 1418 1593 carminis
1445 1563 1497 1594 Ol.
1520 1563 1537 1594 I
1559 1569 1725 1603 tempore.

386 1648 472 1678 Tres
497 1647 633 1677 omnino
657 1647 820 1677 victorias
836 1647 944 1677 Hiero
968 1647 1001 1676 in
1018 1646 1203 1677 certamine
1220 1646 1403 1687 Olympico
1421 1647 1568 1686 adeptus
1593 1652 1654 1686 est,
1678 1647 1763 1676 duas
1787 1655 1876 1685 equo
1901 1646 2020 1681 celete‚

237 1712 339 1732 unam
362 1701 534 1741 quadriga
556 1706 699 1740 partam,
727 1701 821 1740 quod
852 1701 1014 1731 docemur
1037 1701 1227 1731 clarissimo
1252 1701 1510 1740 epigrammate,
1546 1702 1641 1740 quod
1671 1700 1769 1730 donis
1793 1701 1836 1730 ab
1860 1699 2022 1730 Hieronis

236 1755 306 1786 filio
331 1755 524 1785 Dinomene
548 1760 627 1794 post
650 1755 757 1794 patris
779 1760 924 1785 mortem
949 1754 1146 1795 Olympiam
1170 1756 1282 1785 missis
1306 1756 1505 1794 inscriptum
1528 1754 1599 1786 fuit.
1645 1754 1749 1785 Dona
1772 1754 1846 1793 ipsa
1869 1753 2020 1784 contine-

237 1811 361 1840 bantur
390 1815 424 1840 et
451 1819 550 1840 curru
584 1819 659 1840 curn
694 1815 857 1848 quattuor
882 1809 990 1848 equis,
1015 1809 1151 1840 Onatae
1175 1810 1354 1849 operibus.
1387 1814 1421 1840 et
1453 1810 1588 1840 duobus
1622 1809 1788 1839 celetibus
1811 1817 1887 1838 cum
1908 1807 2024 1847 pueris

237 1863 475 1898 insidentibus,
499 1864 683 1894 Calamidis
715 1869 788 1893 arte
812 1864 972 1903 sculptis,
1006 1864 1106 1894 Paus.
1132 1864 1189 1902 VI,
1216 1864 1262 1898 12,
1292 1865 1315 1894 l.
1361 1863 1596 1903 Epigramma,
1632 1862 1710 1892 huic
1743 1861 1953 1892 anathemati
1976 1861 2024 1891 in-

238 1918 411 1957 scriptum,
436 1918 481 1948 ad
504 1918 593 1947 hanc
616 1917 762 1947 formam
786 1918 1015 1956 compositum
1039 1925 1122 1956 erat,
1147 1924 1184 1948 ut
1206 1917 1310 1948 refert
1334 1917 1435 1947 Paus.
1452 1916 1553 1951 -VHI,
1572 1918 1621 1956 4⁴2,
1638 1917 1671 1947 9:
1693 1916 1754 1947 σόν
1777 1926 1854 1946 ποτε
1878 1915 2022 1953 νικήσας,

238 1972 301 2003 Ζεῦ
323 1971 487 2010 Ὀλύμπιε,
511 1972 632 2010 σεμνὸν
655 1971 765 2008 ἀγῶνα
786 1971 802 2011 ΙΙ
828 1972 993 2012 τεθρίππῳ
1024 1973 1079 2010 μὲν
1109 1972 1200 2008 ἅπαξ,
1227 1972 1435 2009 μουνοκέλητι
1466 1972 1500 2002 δὲ
1524 1971 1579 2009 δίς,
1603 1970 1619 2011 Η
1642 1969 1715 2009 δυῑιρ7
1740 1969 1845 2008 Ἱέρων
1872 1969 1947 2000 τάδε
1971 1976 2024 2000 σοι

239 2027 449 2065 ἐχαρίσσατο·
483 2028 560 2064 παῖς
590 2025 616 2057 δ’
652 2025 787 2064 ἀνέθηκε
817 2026 835 2066 ΙΙ
870 2027 1069 2064 Δεινομένης
1099 2026 1221 2064 πατρὸς
1256 2027 1360 2064 μνῆμα
1384 2025 1596 2064 Συρακοσίου.
1641 2025 1685 2054 Et
1715 2025 1861 2054 duarum
1885 2023 2023 2063 quidem

239 2086 491 2119 postremarum
508 2080 737 2116 victoriarum,
762 2080 953 2120 quadrigae
978 2085 1011 2110 et
1035 2080 1132 2110 unius
1150 2080 1323 2119 celeticae,
1347 2086 1506 2120 tempora
1522 2079 1712 2110 certissima
1737 2084 1827 2113 sunt;
1852 2078 2024 2117 quadriga

240 2135 327 2164 enim
351 2134 534 2174 Olympiae
557 2134 664 2163 Hiero
690 2134 770 2164 vicit
795 2135 837 2165 ol.
862 2135 899 2165 78
924 2141 976 2173 (Ξ
991 2136 1073 2173 468),
1103 2133 1215 2165 Schol.
1240 2134 1336 2165 Pind.
1361 2134 1413 2165 Ol.
1439 2135 1454 2164 I
1478 2134 1620 2165 introd.:
1658 2133 1776 2172 συνέβη
1800 2134 1835 2164 δὲ
1859 2132 1957 2164 αὐτὸν
1980 2142 2023 2163 νι-

238 2189 379 2226 κήσαντα
402 2189 563 2228 τεθρίππῳ
587 2190 644 2226 τὴν
665 2186 711 2226 οη’
733 2189 912 2226 ὀλυμπιάδα
937 2189 971 2220 ἐν
993 2189 1089 2230 ταύτῃ
1112 2191 1311 2227 τελευτῆσαι.
1344 2189 1504 2219 Mortuus
1529 2194 1581 2219 est
1597 2188 1705 2219 Hiero
1731 2188 1770 2219 ol.
1784 2187 1831 2222 78,
1847 2188 1864 2217 2
1889 2186 2024 2224 (=467)

239 2246 318 2279 post
340 2250 485 2280 regnum
509 2241 664 2271 undecim
689 2251 870 2278 annorum3
895 2241 997 2271 Diod.
1014 2241 1077 2281 XI,
1101 2244 1156 2273 38:
1178 2243 1284 2282 Ἱέρων
1309 2268 1314 2274 .
1336 2269 1341 2274 .
1367 2267 1372 2274 .
1397 2242 1625 2281 διαδεξάμενος
1640 2243 1697 2280 τὴν
1714 2241 1814 2280 ἀρχὴν
1835 2241 2022 2280 ἐβασίλευσε

239 2297 302 2326 τῶν
325 2295 533 2333 Συρακοσίων
564 2296 617 2333 ἔτη
642 2296 755 2326 ἕνδεκα
787 2296 837 2326 καὶ
860 2299 962 2334 μῆνας
996 2296 1087 2327 ὀκτώ.
1132 2297 1319 2337 Repetitur
1349 2297 1438 2327 idern
1473 2307 1527 2337 ap.
1559 2297 1661 2327 Diod.
1686 2295 1750 2331 XI,
1773 2296 1812 2326 66
1838 2300 1923 2325 extr.
1967 2294 2024 2325 De

239 2349 433 2388 posteriore
456 2349 601 2380 victoria
624 2350 767 2380 celetica
792 2360 861 2380 non
884 2350 993 2380 minus
1018 2357 1138 2390 aperte
1161 2356 1308 2382 testatur
1331 2350 1444 2382 Schol.
1469 2350 1565 2380 Pind.
1595 2360 1626 2390 p.
1651 2351 1701 2390 21,
1730 2359 1806 2380 eam
1831 2349 1957 2389 olymp.
1982 2349 2021 2379 77
