2236 2979
1110 240 1142 270 V

232 348 445 380 magnopere
469 338 571 369 etiam
595 338 700 369 refert
723 339 820 378 scire,
847 349 936 378 quae
964 339 1022 369 illo
1050 340 1274 378 quadriennio
1306 347 1383 371 acta
1413 342 1487 373 sint.
1534 343 1697 374 Libenter
1723 345 1811 374 enim
1843 346 2015 383 sciremus,

236 393 358 433 quibus
380 392 520 423 tandem
545 392 677 422 artibus
700 392 868 422 Pindarus
894 402 1014 432 regem
1048 393 1092 422 ad
1123 394 1285 423 virtutem
1315 394 1452 425 iamiam
1486 396 1704 428 inclinantem
1728 400 2015 432 corroboraverit,

236 447 358 486 quibus
381 446 525 476 vinculis
547 446 579 476 in
604 451 699 476 recta
721 446 778 476 via
800 446 985 477 retinuerit.
1029 446 1148 486 Atque
1171 447 1203 476 in
1226 448 1291 478 hac
1314 458 1351 478 re
1375 450 1478 479 cardo
1501 451 1637 480 omnino
1661 452 1815 483 vertitur.
1856 453 1944 483 Nam
1968 453 2015 483 fa-

234 501 300 531 cile
322 499 480 539 profecto
504 500 570 529 hoc
594 506 655 535 est,
677 500 849 530 hominem
870 506 1072 539 peccantem
1096 500 1275 539 repentina
1298 502 1396 540 quasi
1419 502 1611 534 incursione
1635 504 1727 535 facta
1740 511 1932 544 percutere,
1958 517 2012 537 ca-

233 554 396 594 stigando
418 554 462 583 ad
484 553 730 593 poenitentiam
753 554 911 593 adigere:
937 553 1171 584 difficillimum
1193 559 1254 589 est,
1277 560 1454 585 nutantem
1480 561 1513 585 et
1535 556 1568 586 in
1591 557 1682 588 bivio
1705 559 1904 589 haerentem
1932 569 2011 590 con-

235 607 381 647 firmare,
405 608 572 638 adversus
594 608 771 638 libidinum
794 608 959 647 impeturn
983 613 1151 638 armatum
1175 614 1210 638 et
1232 613 1342 638 tutum
1366 609 1522 639 reddere.
1561 610 1638 640 Hoc
1658 613 1830 650 quomodo
1844 613 2012 644 Pindarus

235 667 439 692 consecutus
464 661 517 697 sit,
540 662 598 701 qui
621 672 708 692 nunc
733 667 785 692 est
807 662 927 692 harum
952 662 1143 692 litterarum
1167 667 1286 697 status,
1308 662 1410 701 plane
1426 663 1589 701 nescitur;
1613 665 1705 703 quod
1729 666 1818 696 enim
1842 666 1884 696 sit
1908 667 2011 698 docu-

230 720 391 751 mentum,
420 716 520 751 unde,
546 715 835 755 quemadmodum
858 715 1020 745 Hieronis
1054 715 1272 746 conversioni
1294 716 1462 746 Pindarus
1491 718 1725 757 responderit⁷
1760 722 2010 759 cognoscatur?

228 769 366 800 Nullum
393 769 560 809 profecto,
594 769 622 799 si
652 769 831 808 volgarem
857 769 1053 808 opinionem
1082 778 1283 808 sequamur;
1317 779 1395 799 nam
1429 770 1557 800 nullum
1590 781 1653 810 per
1685 772 1774 802 illius
1798 774 2011 812 quadriennii

227 823 375 862 spatium
395 822 535 853 Pindari
557 832 695 853 carmen
718 828 905 862 comparet.
942 823 1073 852 Verum
1097 822 1185 853 enim
1210 833 1294 853 vero
1319 824 1573 862 desperandum
1590 834 1657 854 non
1674 830 1739 856 est:
1764 826 1885 857 melius
1906 828 2011 868 longe

227 877 406 907 nobiscum
430 882 546 907 actum
570 882 632 913 est,
659 886 761 915 quam
786 877 851 915 ipsi
876 876 1060 913 credimus3
1094 886 1162 906 non
1185 881 1255 906 tam
1279 877 1364 907 haec
1387 882 1581 916 temporum
1604 878 1725 908 iniuria
1748 885 1810 918 est,
1837 890 1905 919 qua
1927 882 2009 920 quid

225 930 283 960 illo
308 930 532 969 quadriennio
556 936 669 961 actum
693 930 746 965 sit,
776 930 984 969 ignoramus,
1009 940 1113 969 quam
1136 936 1256 960 nostra
1279 930 1440 970 ipsorum.

373 984 552 1014 Habemus
576 984 673 1021 enim,
696 984 800 1014 modo
824 983 1082 1023 praeiudicatae
1098 984 1267 1023 opinionis
1290 985 1471 1024 caliginem
1492 985 1722 1021 discutiamus,
1745 987 1912 1018 habemus
1935 990 2006 1019 exi-

225 1038 329 1068 mium
354 1046 388 1068 et
410 1038 617 1068 luculentum
643 1038 829 1068 crescentis
852 1037 941 1067 illius
965 1042 999 1067 et
1026 1037 1276 1076 pulcherrimae
1299 1039 1406 1068 instar
1430 1039 1563 1069 arboris
1586 1040 1816 1071 adolescentis
1839 1042 2009 1073 amicitiae

224 1093 474 1127 documentum,
498 1101 636 1122 carmen
660 1091 712 1123 Ol.
724 1091 748 1126 I,
773 1092 867 1131 quod
890 1101 978 1122 nunc
1001 1101 1083 1121 sane
1100 1091 1279 1122 Boeckhio
1303 1098 1491 1131 praeeunte
1516 1093 1705 1133 olympiadi
1727 1094 1765 1124 77
1788 1096 1839 1135 (=
1852 1096 1927 1135 472)
1951 1096 2009 1126 tri-

223 1146 346 1181 buitur,
370 1146 498 1176 maiore
525 1151 639 1176 tamen
664 1146 736 1176 iure
759 1146 792 1175 in
814 1146 856 1176 ol.
875 1146 914 1176 76
935 1146 987 1182 (=
1002 1145 1076 1183 476)
1101 1145 1296 1177 collocatur.
1335 1146 1452 1186 Atque
1467 1147 1532 1177 hoc
1548 1147 1659 1186 ipsum
1672 1147 1700 1177 si
1717 1158 1805 1179 nunc
1821 1149 2009 1189 paullisper

222 1200 441 1235 concedatur,
466 1204 594 1239 quanta
617 1200 677 1229 lux
701 1199 872 1230 amicitiae
896 1199 983 1229 illius
1007 1199 1205 1238 primordiis
1229 1205 1261 1229 et
1277 1200 1494 1231 incrementis
1517 1200 1678 1241 affulget!
1713 1201 1764 1231 Eo
1788 1202 1903 1232 hercle
1929 1212 2008 1233 con-

222 1263 321 1284 cesso
345 1254 412 1283 iam
436 1255 546 1293 probe
569 1254 702 1293 scimus,
727 1264 795 1293 qua
818 1260 892 1284 arte
916 1253 1085 1283 Pindarus
1109 1252 1264 1287 amicum,
1285 1253 1318 1283 in
1343 1254 1472 1284 virtute
1495 1254 1640 1285 colenda
1662 1255 1765 1285 etiam
1788 1260 1867 1286 tunc
1888 1257 2008 1287 rudem

222 1313 256 1338 et
277 1307 503 1343 immaturum,
528 1307 709 1346 adiuverit,
732 1307 889 1343 firmarit,
919 1307 952 1336 in
974 1306 1144 1337 amicitiae
1174 1307 1339 1347 mysteria
1369 1308 1563 1340 initiaverit.
1607 1308 1706 1339 Haec
1734 1309 1854 1349 optimi
1883 1315 1917 1341 et
1944 1311 2008 1341 viri

221 1367 256 1392 et
276 1366 404 1402 poetae
426 1371 492 1397 ars,
525 1361 560 1391 id
585 1362 678 1401 quod
702 1371 746 1391 ex
776 1361 925 1391 carmine
949 1360 1001 1395 Ol.
1026 1361 1041 1390 I
1064 1366 1218 1400 apparet,
1247 1361 1281 1390 in
1310 1361 1595 1401 simplicissimam
1623 1363 1779 1401 regulam
1807 1373 1874 1394 uno
1898 1364 2006 1394 verbo

221 1415 466 1455 comprehendi
489 1420 619 1454 potest:
664 1414 834 1445 Pindarus
864 1415 1010 1445 amicum
1038 1424 1113 1444 cum
1144 1414 1227 1454 ipsis
1251 1415 1370 1446 naevis
1394 1415 1546 1455 ipsisque
1568 1415 1722 1455 peccatis
1755 1421 1829 1447 toto
1862 1422 2006 1457 pectore

221 1469 351 1505 dilexit,
375 1479 443 1499 non
465 1469 513 1499 ita
535 1469 691 1508 profecto
715 1469 862 1509 quidem,
885 1474 923 1499 ut
948 1468 1013 1499 illis
1035 1469 1126 1499 vitiis
1150 1469 1365 1499 blandiretur
1390 1474 1423 1499 et
1446 1469 1639 1509 pulvinaria
1663 1470 1712 1500 eis
1736 1471 1919 1506 subiceret,
1944 1473 2006 1503 sed

220 1528 256 1554 ut
280 1529 314 1553 et
336 1523 444 1553 amice
467 1523 559 1552 illum
584 1528 617 1552 et
641 1533 762 1553 severe
785 1523 983 1562 castigaret,
1011 1523 1129 1553 oculos
1158 1533 1235 1553 eum
1259 1524 1302 1553 ab
1326 1523 1380 1553 his
1405 1524 1626 1554 terrestribus
1649 1525 1752 1555 rebus
1775 1526 1819 1555 ad
1842 1527 2005 1557 caelestia

219 1581 254 1608 et
276 1583 417 1608 aeterna
442 1578 601 1608 attollere
624 1577 766 1611 iuberet,
791 1582 827 1607 ut
842 1577 963 1616 quovis
986 1579 1094 1607 verbo
1107 1577 1346 1608 formosiorem
1363 1588 1500 1617 semper
1517 1578 1615 1608 amici
1635 1578 1793 1614 animam,
1818 1580 2003 1614 cultiorem.

219 1631 458 1672 purgatiorem
481 1632 630 1662 reddere
654 1632 816 1662 studeret.
862 1631 1045 1671 Quodnam
1073 1630 1161 1661 enim
1189 1636 1241 1662 est
1270 1632 1369 1662 huius
1399 1632 1557 1663 carminis
1580 1632 1634 1663 Ol.
1656 1633 1672 1662 I
1703 1643 1869 1664 summum
1893 1640 1927 1665 et
1950 1645 2002 1665 su-

218 1696 373 1726 premum
398 1685 597 1716 consilium?
635 1685 740 1715 Haud
765 1685 868 1716 dubie
890 1686 957 1716 hoc
977 1691 1043 1716 est:
1066 1686 1143 1716 Non
1168 1696 1244 1716 eam
1268 1696 1345 1717 esse
1368 1697 1485 1717 veram
1510 1692 1543 1717 et
1566 1687 1703 1726 plenam
1726 1688 1872 1718 hominis
1895 1689 2002 1719 beati—

217 1740 379 1774 tudinem,
394 1749 483 1778 quae
499 1739 572 1769 sine
585 1739 706 1769 labore
721 1744 755 1769 et
768 1740 895 1770 sudore
908 1745 1071 1778 tanquam
1085 1739 1225 1779 aliquod
1239 1741 1380 1770 deorum
1397 1741 1638 1771 immortalium
1650 1741 1776 1771 donum
1789 1742 1822 1772 in
1833 1742 2003 1782 gremium

219 1791 394 1831 deciderit,
420 1791 482 1821 sed
506 1801 592 1826 eam,
621 1801 720 1831 quae,
742 1793 1033 1831 quemadmodum
1057 1792 1089 1822 in
1106 1793 1245 1833 Pelopis
1269 1795 1430 1834 exemplo
1453 1795 1489 1825 id
1505 1795 1702 1831 illustratur,
1726 1796 1852 1826 sudore
1864 1801 1899 1826 et
1912 1797 2001 1836 peri—

219 1845 311 1881 culis,
336 1845 507 1885 intrepide
531 1846 696 1875 certando
722 1851 755 1876 et
778 1847 936 1876 conando
959 1853 1060 1885 parta
1083 1847 1135 1878 sit.
1178 1848 1277 1878 Talia
1304 1849 1419 1879 hercle
1447 1854 1635 1889 praecepta
1656 1859 1725 1879 non
1750 1854 1911 1889 poterant
1932 1861 2001 1881 non

220 1899 254 1929 in
276 1899 402 1929 intimis
425 1899 588 1929 Hieronis
610 1900 825 1939 praecordiis
847 1900 1005 1938 haerere;
1028 1901 1113 1931 haec
1137 1911 1178 1931 ea
1201 1902 1234 1931 vi
1257 1902 1416 1942 praedita
1440 1908 1546 1938 erant,
1571 1907 1607 1932 ut
1630 1903 1802 1933 hominem
1826 1904 1914 1934 inter
1936 1903 2000 1934 vir-

219 1958 327 1984 tutem
352 1958 386 1984 et
408 1953 491 1983 vitia
515 1953 617 1984 etiam
641 1964 729 1984 nunc
751 1954 955 1984 titubantem
977 1954 1094 1984 intimo
1118 1955 1251 1986 virtutis
1275 1966 1392 1986 amore
1414 1956 1623 1996 perfundere
1644 1962 1795 1996 possent.
1841 1957 2001 1989 Ostendit

218 2008 285 2038 hoc
309 2006 457 2038 carmine
470 2008 653 2039 Pindarus:
676 2018 777 2038 unam
802 2019 879 2039 esse
902 2009 1104 2039 medicinam
1126 2009 1159 2039 in
1183 2009 1285 2039 animi
1307 2010 1505 2041 volneribus
1529 2010 1690 2040 sanandis
1714 2009 1997 2042 efficacissimam:

217 2072 335 2093 veram
358 2062 595 2102 sinceramque
615 2063 808 2093 amicitiam.

214 2167 242 2197 3.
286 2165 438 2196 Minume
459 2176 563 2205 posse
588 2177 650 2205 pro
673 2166 859 2207 profligata
885 2168 1005 2198 haberi
1029 2169 1266 2207 quaestionem
1290 2169 1333 2198 de
1355 2168 1512 2198 carminis
1534 2167 1587 2198 Ol.
1610 2168 1626 2198 I
1650 2172 1817 2207 tempore,
1845 2168 1996 2198 nondum

625 2222 840 2261 quorundam
862 2222 1056 2252 Pausaniae
1078 2223 1231 2252 locorum
1253 2221 1404 2252 fontibus
1428 2222 1594 2252 excussis.

364 2303 435 2334 Sed
458 2305 558 2334 audio
590 2305 656 2335 iam
691 2315 809 2336 eorum
836 2315 948 2342 voces,
983 2305 1040 2344 qui
1063 2305 1263 2343 σταύρωσον,
1302 2305 1495 2343 σταύρωσον
1528 2306 1687 2340 clament,
1724 2305 1779 2335 vel
1802 2305 1830 2335 si
1854 2304 1995 2336 mitioris

212 2358 341 2398 ingenii
380 2358 454 2393 sint,
489 2358 545 2398 qui
578 2360 664 2390 haec
698 2360 811 2390 omnia
849 2360 1053 2399 speciosius,
1090 2370 1192 2399 quam
1228 2360 1343 2390 verius
1376 2359 1552 2398 disputata
1588 2369 1664 2389 esse
1701 2359 1829 2397 dicant;
1867 2359 1994 2398 quippe
